2828 4868
644 279 685 344 43

101 462 216 530 lunam
228 465 335 528 autem
348 459 551 527 Posidonium
572 459 789 543 plurimosque
800 461 922 528 Stoicos
934 479 996 528 non
1011 480 1050 528 ex
1064 460 1137 542 igne
1150 461 1206 527 illo

103 571 263 640 artificiali
287 576 432 640 constare
449 569 505 638 sed
525 588 565 636 ex
581 578 655 636 aere
676 575 708 636 et
730 572 801 653 igne
816 572 947 642 mixtam
967 589 1035 638 csse
1054 571 1106 653 (oi.
1118 572 1206 638 Stoh.
1258 605 1260 613 ,

105 683 166 748 ecl.
179 683 204 762 l,
222 682 296 765 554)
319 685 352 746 et
372 701 392 748 a
411 682 476 747 sole
497 681 597 748 lucem
615 681 757 762 accipere
779 680 831 763 (ci.
847 681 954 749 Laert.
971 681 1040 761 Vll,
1067 681 1126 746 145
1151 681 1207 757 al.)

104 791 259 866 docuisse.
281 789 465 873 Comparari
478 811 549 858 cum
560 792 619 858 hoc
636 791 705 858 loeo
719 797 825 876 potest
836 794 875 859 de
887 792 917 859 d.
930 811 960 858 n.
972 793 1014 872 Π,
1028 793 1082 857 56;
1102 784 1207 856 ‘nulla

104 901 207 984 igitur
221 901 251 966 in
269 902 356 968 caelo
378 921 435 968 uec
456 899 583 969 fortuna
597 920 655 967 neo
666 887 834 967 temeritas¹
845 911 903 969 nec
915 903 1034 968 erratio
1048 918 1105 966 nec
1119 900 1206 964 vani-

105 1014 160 1076 tas
174 1010 268 1094 inest,
288 1016 459 1093 contraque
474 1012 574 1077 omnis
585 1012 661 1076 ordo
673 1012 792 1078 veritas
803 1011 884 1076 ratio
896 1012 1082 1078 constantia.
1105 1009 1207 1087 Quae-

104 1137 170 1202 que
185 1120 235 1185 his
250 1125 373 1203 vacant,
396 1120 547 1186 ementita
562 1125 595 1186 et
609 1119 691 1186 falsa
706 1121 865 1202 plenaque
888 1120 1014 1200 erroris,
1036 1137 1073 1184 ce
1088 1119 1206 1184 circum

105 1234 211 1295 terras
233 1228 316 1294 inire
336 1230 455 1309 lunam,
489 1247 570 1310 quae
597 1229 736 1295 omnium
757 1229 871 1294 ultima
895 1234 951 1309 est,
984 1231 1015 1294 in
1049 1229 1207 1310 terrisque

105 1327 300 1404 versantur'.
341 1339 469 1404 Animos
491 1343 599 1404 autem
622 1339 653 1402 in
676 1339 771 1404 terris
793 1340 886 1404 morti
908 1341 1056 1421 exceptos
1078 1341 1111 1402 at
1131 1339 1206 1403 deo·

105 1465 179 1512 rum
200 1464 333 1512 munera
357 1466 426 1514 esse
447 1449 523 1514 item
544 1448 584 1512 de
595 1448 654 1529 leg.
671 1449 697 1527 1,
712 1449 753 1513 24
775 1445 882 1532 (quem
897 1449 1204 1529 locumsupraattu·

104 1555 215 1641 limus)
238 1556 364 1639 legitur.
405 1556 483 1624 Eius
511 1560 617 1622 autem
648 1575 743 1638 quam
764 1555 826 1624 Cic.
849 1559 991 1639 sequitur
1016 1556 1206 1623 sententiam

104 1670 273 1732 assecutus
302 1683 371 1734 esse
392 1666 520 1732 videtur
542 1664 720 1732 Macrobius
753 1666 838 1732 hunc
868 1667 971 1732 locum
993 1667 1025 1731 in
1047 1683 1206 1731 commen-

103 1775 190 1839 tario
212 1793 269 1841 suo
290 1776 317 1851 I,
339 1777 389 1856 21,
409 1777 451 1840 34
480 1775 716 1856 interpretatus,
750 1793 814 1855 qua
836 1776 867 1841 in
892 1794 927 1841 rc
948 1779 1015 1842 tam
1038 1776 1152 1841 mirum
1174 1777 1205 1841 in

104 1884 234 1952 modum
268 1903 338 1950 cum
360 1884 480 1952 Seneca
501 1885 664 1963 consentit,
700 1890 735 1950 ut
757 1884 861 1951 lacere
887 1904 950 1952 non
971 1886 1099 1970 possim,
1129 1887 1206 1968 quin

104 1998 280 2075 utrumque
303 1993 360 2059 tibi
383 2012 566 2078 proponam.

320 2102 417 2170 Maon.
807 2101 879 2172 Seu.
903 2122 951 2186 ep.
974 2106 1024 2182 41,
1050 2107 1081 2171 5.

150 2211 242 2292 Quod
260 2219 366 2278 eutem
389 2213 449 2279 ait:
472 2211 565 2278 ‘nihil
592 2250 630 2260 —
725 2213 995 2292 Quemadmodum
1020 2213 1100 2279 radii
1130 2213 1208 2281 solis

105 2321 212 2390 datos’
246 2323 382 2390 nonita
415 2324 632 2407 accipiendum
683 2325 868 2405 contingunt
911 2323 1037 2404 quidem
1076 2328 1207 2400 terram,

106 2437 158 2500 est
186 2432 309 2499 animos
344 2432 394 2500 hic
421 2450 490 2500 esse
518 2440 555 2500 ut
583 2434 632 2499 hic
684 2434 740 2500 sed
763 2432 806 2498 ihi
828 2434 1001 2499 suntunde
1021 2433 1204 2499 mittuntur:

105 2540 193 2606 nasci
213 2547 381 2623 putentur:
404 2542 459 2608 sed
480 2543 561 2608 sicut
581 2562 632 2609 so·
684 2544 728 2614 sic
749 2543 873 2608 animus
901 2559 1037 2625 magnus
1056 2561 1094 2608 ac
1116 2560 1205 2608 sacer

104 2651 169 2717 lem
184 2652 215 2716 iu
236 2651 331 2718 terris
349 2670 418 2718 esse
438 2651 541 2717 dicere
554 2654 632 2720 sole·
682 2660 715 2720 et
728 2653 761 2718 in
776 2654 835 2718 hoc
850 2652 1013 2731 demissus,
1030 2656 1066 2717 ut
1076 2652 1206 2736 propius

105 2778 188 2839 mus,
212 2760 300 2826 cuius
320 2759 429 2830 radius
450 2763 579 2828 advenit
601 2769 633 2829 et
683 2761 809 2844 quidem
829 2761 934 2827 divina
945 2779 1118 2841 nossemus,
1134 2779 1206 2828 con·

105 2869 233 2945 recedit,
267 2871 313 2934 ite
340 2871 517 2935 animorum
544 2871 631 2953 origo
682 2877 829 2939 versatur
863 2871 989 2955 quidem
1032 2869 1204 2952 nobiscum,

106 2977 251 3046 caelestis
273 2981 334 3056 est,
356 2979 410 3045 sed
426 2979 496 3062 lege
511 2985 630 3061 tempo·
682 2981 739 3048 sed
762 2981 874 3047 haeret
895 2981 1007 3062 origini
1030 2997 1117 3046 suae.

106 3086 184 3150 ralis
197 3087 425 3170 hospitalitatis
440 3088 491 3154 hic
512 3090 630 3155 exulat.

209 3201 320 3282 Neque
342 3205 549 3272 omittendum
572 3211 621 3271 est
641 3206 726 3286 quod
741 3208 880 3276 musicae
897 3207 1076 3273 inventores
1097 3207 1129 3271 in
1144 3206 1206 3274 fine

107 3309 127 3392 ἕ
153 3312 192 3377 18
224 3311 333 3378 codem
367 3313 458 3378 modo
489 3314 662 3381 laudantur
695 3321 792 3395 atque
819 3315 1021 3383 Archimedes
1053 3315 1207 3398 sphaerae

105 3419 254 3486 inventor
276 3418 368 3486 Tusc.
390 3421 414 3498 l,
439 3423 489 3500 63,
512 3424 596 3503 quod
623 3425 749 3507 utrique
773 3425 865 3490 deum
888 3424 1005 3489 imitati
1029 3424 1111 3490 idern
1134 3423 1207 3490 eile-

106 3527 207 3596 cariut
228 3533 326 3610 atque
345 3530 398 3596 illa
420 3546 520 3611 coque
542 3533 605 3598 vim
626 3535 740 3600 mentia
764 3535 900 3600 divinam
923 3533 1128 3601 ostenderint.

208 3636 297 3715 Quae
328 3639 481 3706 deindea
508 3641 526 3720 ξ
549 3643 673 3707 20-25
706 3648 884 3724 sequuntur
913 3662 949 3708 eo
983 3647 1135 3727 spectant,
1170 3647 1206 3708 ut

106 3745 244 3828 gloriam
267 3747 439 3814 humanum
471 3750 733 3816 contemnendam
765 3771 835 3818 esse
866 3753 1062 3819 ostendatur.
1106 3751 1205 3828 Quem

104 3857 211 3921 locum
241 3854 400 3924 Usenerus
432 3858 605 3925 vindicavit
633 3861 812 3927 Aristotelis
836 3862 1036 3944 Protreptico
1069 3860 1102 3926 in
1123 3861 1203 3926 Mus

107 3964 208 4032 Rhen.
230 3965 366 4032 XXVlll
388 3985 418 4047 p.
438 3969 500 4034 397
524 3985 593 4050 sqq.
637 3968 698 4035 Sed
729 3969 783 4051 qui
807 3968 869 4036 Cic.
890 3970 961 4035 libri
982 3971 1025 4036 ΙΙ.
1059 3971 1099 4036 de
1120 3968 1205 4036 deor.

105 4079 173 4140 nat.
203 4074 357 4155 meminit,
390 4076 538 4143 concedet
563 4077 631 4142 fieri
653 4079 802 4160 potuisse,
834 4082 871 4145 ut
897 4097 958 4146 non
982 4078 1112 4162 abipso
1137 4079 1206 4146 Ari·

105 4182 231 4265 stotele
253 4182 309 4252 sed
330 4203 350 4252 a
371 4184 541 4256 Posidonio
563 4187 646 4256 hunc
665 4189 770 4257 locum
791 4190 955 4274 acciperet.
