2828 4868
613 318 652 382 21

83 507 192 569 autem
215 499 395 566 ciceronem
429 500 459 564 in
485 499 535 564 his
566 499 655 580 sequi
685 504 820 582 apparet
841 517 878 564 eo
902 501 984 582 quod
1007 499 1179 566 conforma·

84 612 213 686 tionem,
236 608 495 692 magnitudinem,
519 610 706 674 tenuitatem
728 609 832 674 animo
855 609 976 675 tribuit.

184 716 245 783 Sed
280 723 324 782 ut·
347 717 431 782 hunc
464 719 569 782 locum
591 724 676 782 recte
698 717 930 798 intellegamus,
966 718 983 802 ᾗ
1002 723 1040 786 51
1065 721 1105 786 ab
1128 720 1181 786 ho·

83 827 220 893 minibus
242 826 343 892 doctis
362 825 547 891 coniecturis
562 830 710 890 vexatam
734 827 901 908 neglegere
923 846 985 892 non
1005 846 1181 912 possumus

85 938 217 1020 Legitur
239 933 691 1020 codicibuchonsencientibus:
712 931 795 1000 ‘aiei
818 938 901 1001 enim
925 972 965 983 -
987 957 1051 1002 aon
1072 956 1182 1019 possu-

82 1064 165 1128 mus,
189 1049 275 1129 certe
296 1049 324 1109 et
346 1045 440 1109 deum
465 1045 567 1123 ipsum
589 1048 618 1106 et
641 1042 778 1107 divinum
796 1044 935 1110 animum
954 1064 1085 1128 corpore
1105 1047 1180 1114 libe·

83 1160 191 1219 ratum
224 1153 415 1238 cogitatione
439 1151 601 1232 complecti
624 1144 817 1233 possurnus'.
865 1152 1070 1221 Conieccruut
1092 1161 1125 1222 et
1148 1158 1180 1222 in

82 1269 208 1328 textum
228 1266 415 1344 receperunt
439 1260 628 1344 Seyffertus:
669 1255 715 1326 ‘si
743 1263 826 1326 eninr
849 1298 891 1307 -
913 1283 976 1328 aon
1002 1283 1180 1346 possumne,

83 1377 171 1437 certe
192 1391 247 1464 acc
268 1370 362 1437 deum
386 1372 486 1452 ipsum
509 1390 564 1434 acc
584 1370 722 1435 divinum
741 1370 885 1435 'animum
917 1407 956 1417 -
986 1364 1181 1454 possumus’‚

82 1481 230 1547 Heinius:
251 1475 326 1546 ‘uisi
338 1480 420 1545 enim
434 1515 474 1526 —-
489 1479 674 1568 intellegere
685 1499 861 1562 possumus
874 1486 959 1547 certe
972 1483 1065 1547 deum
1077 1483 1179 1562 ipsum

84 1597 117 1657 et
138 1591 277 1658 divinum
301 1591 442 1656 animum
464 1625 506 1635 -—
528 1590 693 1671 complecti
710 1611 774 1656 noa
794 1583 986 1673 possumus'3
1022 1591 1075 1673 qui
1095 1591 1181 1670 quod

83 1703 123 1766 ad
144 1699 334 1765 sententiam
356 1689 471 1765 attinet
493 1700 701 1765 consentiunt.
754 1699 842 1778 Quae
872 1701 1029 1766 sententia
1051 1718 1127 1764 num
1149 1700 1181 1763 in

83 1797 167 1876 hunc
188 1809 293 1875 locum
316 1809 460 1890 quadret,
484 1809 628 1888 equidem
656 1809 750 1874 valde
773 1809 890 1876 dubito.
939 1807 1048 1874 ‘Nunc
1068 1808 1108 1874 ad
1130 1826 1182 1873 re-

82 1916 234 1984 lellendos
257 1915 428 2000 Epicureos
451 1953 490 1964 —
513 1916 558 1983 ait
581 1916 673 2002 Scyll.
709 1954 746 1964 -
782 1919 835 1998 qui
865 1919 968 1999 qualis
990 1919 1118 1984 futurus
1140 1918 1183 1984 ait

82 2028 207 2094 animus
229 2045 360 2108 corpore
382 2027 536 2094 liberatus
558 2028 741 2112 intellegere
761 2033 938 2110 seregent,
959 2033 1180 2108 argumentum

82 2137 201 2218 repetit
223 2137 285 2202 Cic.
309 2149 328 2203 a
356 2138 486 2203 deorum
514 2138 667 2220 opinione,
703 2155 782 2218 quos
817 2137 942 2218 quidem
972 2137 1056 2219 ipsos
1089 2155 1180 2201 nemo

82 2264 219 2327 usquam
251 2245 373 2324 viderit,
413 2246 603 2326 cogitatione
633 2250 740 2311 tamen
766 2245 1014 2327 complectantur
1048 2236 1179 2311 omnes’.

85 2354 168 2433 Quid
191 2372 227 2419 eo
250 2355 335 2435 quod
368 2356 398 2421 di
428 2355 489 2420 sint
509 2372 703 2437 quamquem
732 2373 793 2420 non
816 2355 983 2420 videantur
1003 2355 1180 2436 probatur?

81 2464 136 2529 Nil
163 2465 223 2530 nisi
246 2464 286 2544 id,
311 2465 433 2547 opinor,
465 2465 562 2530 etiam
595 2465 716 2530 animos
749 2464 804 2545 qui
837 2443 898 2528 nou
928 2463 1097 2529 videantur
1117 2485 1181 2530 csse

82 2577 201 2639 temen.
263 2574 333 2638 Non
355 2575 415 2640 hoe
435 2579 631 2656 negaverunt
654 2573 811 2655 Epicurei,
836 2573 891 2639 sed
914 2590 1046 2654 corpore
1066 2571 1184 2646 libera,

82 2688 133 2748 tos
158 2700 235 2749 esse
251 2701 353 2764 posse.
406 2684 443 2748 Id
466 2683 567 2764 ipsum
590 2683 696 2764 igitur,
724 2683 763 2746 in
785 2700 848 2763 qua
870 2701 994 2749 summa
1016 2682 1107 2758 inest,
1141 2701 1180 2748 ne

83 2792 228 2874 tangitur
249 2791 385 2872 quidem.
440 2791 472 2857 Si
501 2810 575 2858 vero
606 2792 745 2858 animum
769 2809 899 2876 corpore
916 2809 982 2856 non
1004 2809 1097 2873 egere
1120 2789 1180 2856 Cic.

83 2899 326 2978 docerevoluit,
349 2899 446 2964 etiam
463 2899 537 2978 deos
562 2899 742 2980 corporibus
765 2915 878 2963 vacare
899 2897 1179 2963 demonstrandum

82 3009 153 3074 fuit.
187 3009 270 3072 Num
294 3026 367 3073 vero
389 3025 429 3072 ex
451 3025 497 3088 eo,
519 3006 602 3090 quod
626 3023 717 3072 nemo
740 3006 814 3072 deos
833 3007 957 3082 viderit,
980 3024 1033 3072 eos
1054 3007 1180 3071 omnino

84 3120 115 3184 in
137 3121 339 3198 conspectum
362 3117 473 3182 cadere
495 3134 557 3182 non
579 3133 672 3198 posse
694 3117 915 3196 consequitur?
938 3117 1039 3180 Immo
1061 3121 1093 3180 et
1103 3114 1181 3197 Epi-

83 3227 170 3294 curei
200 3228 245 3291 nil
265 3225 324 3291 nisi
347 3225 509 3291 hominum
530 3224 640 3307 figuris
668 3226 848 3291 constitutis
869 3226 908 3290 de
928 3225 976 3290 dis
997 3223 1181 3306 cogitabant

83 3344 116 3403 ct
137 3338 183 3402 itu
204 3337 319 3416 vulgus
342 3335 417 3401 deos
439 3340 546 3402 mente
568 3335 869 3417 complectebantur,
897 3341 933 3398 ut
955 3335 1108 3414 imagines
1130 3351 1182 3398 eo-

82 3444 225 3512 rumsibi
243 3443 407 3524 fingerent,
430 3462 623 3526 quamquam
641 3462 697 3509 nec
719 3442 752 3508 hi
775 3443 898 3509 necilli
920 3460 998 3524 quos
1020 3441 1182 3524 fingebant

84 3555 182 3620 oculis
206 3554 358 3620 viderant.
390 3555 505 3634 Inepta
519 3555 618 3635 igitur
640 3558 689 3619 est
710 3572 804 3635 quem
825 3553 858 3617 hi
880 3551 1025 3618 Ciceroni
1046 3551 1181 3618 subdere

83 3662 195 3728 volunt
218 3663 425 3729 ratiocinatio.
465 3661 542 3728 Mihi
565 3667 679 3727 eutem*
693 3663 781 3728 locus
802 3679 898 3726 sanus
920 3660 1044 3726 videtur
1068 3667 1100 3726 et
1123 3661 1180 3724 hoc

84 3773 177 3837 modo
204 3772 431 3853 expediendus:
476 3771 528 3837 isti
563 3773 616 3851 qui
647 3778 765 3854 nogant
798 3791 840 3837 se
865 3768 1048 3851 intellegere
1079 3786 1182 3851 posse,

84 3881 186 3961 qualis
208 3883 332 3948 animus
348 3899 478 3963 corpore
492 3899 605 3945 vacans
623 3881 677 3959 sit,
699 3880 846 3945 videntur
857 3878 1053 3961 intellegere,
1079 3877 1181 3959 qualis

83 3989 113 4053 in
138 3989 206 4070 ipso
229 3989 433 4070 corporesit.
468 3987 558 4065 Quod
575 3988 700 4070 quidem
724 3989 824 4053 multo
849 3985 1007 4054 difficilius
1029 3991 1086 4065 est,
1110 4003 1181 4051 cum

83 4116 215 4179 corpore
250 4105 411 4179 tamquam
448 4097 553 4164 aliena
574 4099 666 4164 domo
688 4101 792 4163 tectus
814 4097 865 4162 sit.
922 4096 953 4162 Si
975 4113 1048 4162 vero
1071 4114 1181 4177 quam·

84 4226 179 4289 quam
202 4207 287 4275 cerni
311 4224 370 4272 non
394 4212 500 4291 potest
524 4207 629 4289 qualis
650 4207 684 4270 in
705 4223 837 4287 corpore
860 4205 911 4289 sit,
934 4209 1039 4270 tamen
1061 4204 1181 4269 intelle-
