2828 4868
744 323 785 387 46

212 503 230 574 ὃ
265 501 466 591 Ἐπίκουρος,
510 494 735 572 ἇπολνθεῖσαι
785 500 923 589 σώματα
948 499 1007 583 τὰς
1039 503 1146 590 ψυχὰς
1176 503 1329 588 συνέχει,

210 619 278 682 τῶν
305 610 468 700 σωμάτων
489 619 616 682 καπνοῦ
645 614 736 701 δίκην
785 605 852 679 ἀλλ’
883 607 916 678 αἱ
956 613 1059 700 ψυχαὶ
1091 610 1131 679 roi
1164 611 1326 698 σώματα,

207 725 404 794 ’σκίδνανταα
445 715 524 792 οὐδὲ
560 719 620 809 γὰρ
653 718 734 809 πρό·
787 717 897 811 ὥςπερ
911 722 966 789 καὶ
980 723 999 810 ἡ
1013 718 1115 789 κόλλα
1125 725 1179 790 καὶ
1196 720 1330 814 ἑαυτὴν

211 861 307 920 τερον
325 831 363 901 cri
380 838 476 918 σῶμα
490 833 736 922 ὄιακρανηνικόν
786 833 840 898 καί
861 831 901 897 τὰ
923 829 1159 917 ἕκτόςνρανεῖ.

212 931 252 1030 ἦν
271 937 389 1029 αὐτῶν,
414 934 481 1009 ἀλλ’
496 937 592 1009 αὐτοὶ
613 945 660 1030 τῷ
670 938 738 1009 σώ-
946 944 1037 1011 Tusa.
1059 943 1085 1025 I,
1116 928 1169 1009 4'3.

212 1077 291 1137 μανι
319 1053 486 1142 ουμμονῆς
511 1039 594 1138 ἦσαν
625 1047 735 1134 αἴτιαι,
829 1053 862 1117 in
883 1071 945 1132 quo
967 1054 1055 1119 nulla
1078 1073 1111 1120 re
1134 1071 1229 1134 egens
1251 1055 1327 1122 ale·

213 1158 299 1228 πολύ
311 1159 347 1229 δὲ
358 1157 523 1247 πρότερον
533 1161 587 1227 καὶ
598 1157 738 1239 ἑαυταῖς.
786 1169 840 1229 tur
855 1166 887 1226 et
901 1163 1132 1230 sustentabitur
1146 1160 1251 1228 isdem
1269 1181 1328 1227 re·

215 1267 365 1358 ἔκσκηνοι
396 1272 473 1356 γοῦν
510 1265 603 1356 ἡλίου
647 1265 739 1356 yemi-
786 1270 855 1351 bus,
868 1271 1328 1355 quibusastrasustentantur

212 1405 307 1464 μεναι
317 1376 375 1447 τὸν
386 1376 451 1446 ὑπὸ
464 1375 601 1466 σελήνην
612 1378 739 1447 οἰκοῦσι
788 1388 820 1447 et
842 1382 982 1447 aluntur.

213 1484 327 1568 τόπον,
351 1484 470 1556 ἐνθάδε
492 1514 528 1556 τε
550 1488 603 1557 διὰ
620 1486 679 1578 τὴν
693 1487 735 1556 εἶ-

213 1598 386 1685 λικρίνειαν
406 1602 465 1666 τοῦ
487 1591 586 1684 οἷὲρος
601 1599 737 1664 πλείονα

212 1707 299 1793 πρὸς
342 1705 498 1795 διαμονὴν
537 1704 736 1793 λαμβάνουσι

213 1813 332 1902 χρόνον
367 1821 476 1907 coam?
518 1842 553 1884 τε
596 1820 736 1903 χρῶνται

216 1923 321 2015 οἰκείᾳ
343 1931 384 2017 τῇ
398 1919 466 1992 ἀπὸ
482 1931 539 2016 γῆς
553 1920 736 2012 ἀναθυμιά-

215 2058 266 2102 σει
292 2035 336 2114 ὥς
362 2033 477 2103 καὶτὰ
499 2034 602 2104 λοιποὶ
624 2027 737 2122 ἄστρα.

314 2221 462 2300 Dubium,
494 2223 614 2302 opinor,
646 2239 797 2289 essenon
826 2227 941 2303 potest,
975 2222 1049 2303 quin
1077 2221 1194 2288 Sextus
1223 2221 1324 2288 Posi-

215 2329 352 2396 doniana
385 2328 511 2396 referat.
556 2333 661 2411 Atque
693 2331 769 2396 locis
800 2331 839 2396 de
861 2331 976 2410 quibus
1001 2334 1076 2396 ante
1097 2333 1220 2413 egimus
1243 2349 1323 2396 cum

215 2440 275 2505 hoe
289 2440 479 2519 comparatis
494 2439 590 2503 etiam
613 2439 697 2518 apud
709 2438 795 2504 Sext.
814 2440 972 2522 regionem
996 2438 1083 2504 iilam
1099 2439 1321 2520 sublunarem,

214 2567 297 2630 quae
319 2549 417 2614 abeo
440 2549 558 2615 certius
581 2566 641 2611 non
658 2546 867 2628 significatur,
890 2549 1023 2614 lacteam
1047 2548 1173 2630 plagam
1189 2549 1323 2614 intelle-

216 2659 350 2740 gendam
368 2677 437 2724 esse
453 2661 540 2738 puto.
586 2656 654 2722 Iam
678 2674 751 2720 vero
774 2657 922 2722 attendas
947 2656 1041 2722 verba
1064 2652 1149 2721 πολύ
1170 2656 1207 2722 δὲ
1227 2653 1323 2741 πρό-

215 2789 310 2850 τερον
331 2765 385 2830 καί
404 2761 542 2843 ἑαυτοῖς.
597 2766 699 2848 Igitur
731 2771 902 2848 antequam
935 2767 1031 2832 animi
1058 2766 1087 2830 in
1110 2785 1243 2850 corpora
1264 2767 1322 2832 in-

215 2877 385 2942 travissent
408 2894 461 2942 eos
483 2896 517 2942 se
533 2893 591 2957 per
613 2893 646 2941 se
664 2875 748 2957 ipsos
769 2876 961 2940 continuisse
976 2875 1046 2940 Pos.
1063 2875 1178 2941 docuit
1202 2876 1322 2956 Neque

218 2986 322 3067 potui-t
345 2985 461 3052 clarius
483 2985 713 3066 antiquioribus
735 2983 857 3067 Stoicis,
878 2985 931 3067 qui
947 2984 1068 3049 animos
1089 3002 1161 3050 cnm
1183 3002 1321 3065 corpore

216 3096 302 3162 nasci
325 3096 482 3179 volebant,
508 3113 694 3176 repugnare.
738 3093 856 3158 Deindc
891 3093 1017 3159 desole
1039 3094 1160 3169 animos
1182 3094 1240 3159 sub
1262 3095 1321 3160 in·

215 3224 289 3270 nam
311 3205 505 3284 demigrasse
534 3205 617 3286 apud
638 3203 721 3268 Sext.
745 3204 888 3286 legimns,
911 3204 995 3268 unde
1027 3205 1067 3268 ad
1092 3202 1236 3269 homines
1258 3222 1321 3270 eos

216 3315 339 3380 venisse
371 3313 442 3379 Pos.
465 3313 600 3378 voluisse
633 3312 767 3379 videtur.
799 3313 949 3378 Similiter
970 3313 1002 3376 in
1017 3310 1143 3378 Somnio
1159 3311 1316 3393 originem

217 3443 256 3488 ex
277 3421 432 3489 sideribus
457 3422 577 3487 animos
600 3421 729 3488 duxisse
740 3422 907 3488 edocemur
928 3422 963 3502 (ξ
989 3422 1041 3486 15:
1062 3421 1197 3498 ‘animus
1219 3422 1319 3489 datus

217 3539 266 3598 est
288 3551 327 3598 ex
351 3532 413 3596 iilis
435 3530 634 3612 sempiternis
658 3528 819 3614 ignibus‘).
864 3529 1055 3608 Quibuscum
1091 3531 1209 3614 optime
1238 3550 1319 3597 con-

217 3643 334 3720 sentire
363 3641 487 3706 ridetur
520 3641 627 3706 orbem
660 3641 798 3706 lacteum
828 3639 942 3707 coloris
977 3640 1092 3707 siderei
1124 3638 1316 3706 infusionem

218 3768 295 3818 esse.

319 3885 410 3962 Quod
429 3904 503 3950 vero
526 3885 662 3950 lacteum
694 3884 801 3950 orbem
823 3884 928 3949 sedem
949 3884 1125 3949 animorum
1158 3901 1230 3949 esse
1260 3903 1317 3950 vo-

219 3994 287 4075 luit,
309 4000 455 4061 auctores
471 3995 498 4059 ei
514 3994 611 4059 fuisse
625 3992 826 4078 Pythagorici
841 3993 987 4058 videntur
1006 3992 1058 4074 (cf.
1070 3992 1147 4058 Lob.
1161 3993 1319 4076 Aglaopb.

218 4125 247 4189 p.
270 4104 356 4187 935).
399 4105 547 4185 Legimus
577 4104 659 4169 enim
690 4103 778 4184 apud
800 4101 955 4187 Porphyr.
979 4102 1017 4169 de
1050 4108 1142 4169 antro
1175 4102 1316 4186 Nymph.

218 4234 243 4282 c.
267 4216 322 4280 28:
343 4208 458 4300 ‘donoc
477 4204 626 4297 duciaco?
646 4210 728 4276 κατὰ
748 4206 951 4296 Πυθαγόραν
971 4205 1005 4276 ui
1027 4208 1139 4297 ψυχαί,
1161 4202 1200 4288 ἃς
1220 4207 1317 4278 συνά-
