<?xml version="1.0" encoding="UTF-8"?>
<!DOCTYPE html PUBLIC "-//W3C//DTD XHTML 1.0 Transitional//EN"
    "http://www.w3.org/TR/xhtml1/DTD/xhtml1-transitional.dtd">
<html xmlns="http://www.w3.org/1999/xhtml" xml:lang="en" lang="en">
 <head>
  <title>
</title>
<meta http-equiv="Content-Type" content="text/html;charset=utf-8" />
  <meta name='ocr-system' content='tesseract 3.04.00' />
  <meta name='ocr-capabilities' content='ocr_page ocr_carea ocr_par ocr_line ocrx_word'/>
</head>
<body>
  <div class='ocr_page' id='page_1' title='image "./deposidoniorhod00corsgoog_0029.png"; bbox 0 0 2828 4868; ppageno 0'>
   <div class='ocr_carea' id='block_1_1' title="bbox 761 289 801 352">
    <p class='ocr_par' dir='ltr' id='par_1_1' title="bbox 761 289 801 352">
     <span class='ocr_line' id='line_1_1' title="bbox 761 289 801 352; baseline 0 0"><span class='ocrx_word' id='word_1_1' title='bbox 761 289 801 352; x_wconf 87' lang='grc'><strong>22</strong></span> 
     </span>
    </p>
   </div>
   <div class='ocr_carea' id='block_1_2' title="bbox 229 469 1389 4262">
    <p class='ocr_par' dir='ltr' id='par_1_2' title="bbox 229 469 1329 1192">
     <span class='ocr_line' id='line_1_2' title="bbox 229 469 1324 554; baseline 0.002 -19"><span class='ocrx_word' id='word_1_2' title='bbox 229 476 319 554; x_wconf 89' lang='lat' dir='ltr'><strong>gunt,</strong></span> <span class='ocrx_word' id='word_1_3' title='bbox 343 475 427 538; x_wconf 86' lang='lat' dir='ltr'><strong>certe</strong></span> <span class='ocrx_word' id='word_1_4' title='bbox 450 471 547 537; x_wconf 89' lang='lat' dir='ltr'><strong>etiarn</strong></span> <span class='ocrx_word' id='word_1_5' title='bbox 570 489 607 537; x_wconf 91' lang='lat' dir='ltr'><strong>eo</strong></span> <span class='ocrx_word' id='word_1_6' title='bbox 629 471 713 554; x_wconf 93' lang='lat' dir='ltr'><strong>quod</strong></span> <span class='ocrx_word' id='word_1_7' title='bbox 735 471 776 536; x_wconf 94' lang='lat' dir='ltr'><strong>ab</strong></span> <span class='ocrx_word' id='word_1_8' title='bbox 798 472 866 537; x_wconf 90' lang='lat' dir='ltr'><strong>cius</strong></span> <span class='ocrx_word' id='word_1_9' title='bbox 884 471 1000 535; x_wconf 90' lang='lat' dir='ltr'><strong>natura</strong></span> <span class='ocrx_word' id='word_1_10' title='bbox 1023 469 1159 535; x_wconf 92' lang='lat' dir='ltr'><strong>alienum</strong></span> <span class='ocrx_word' id='word_1_11' title='bbox 1182 474 1232 537; x_wconf 89' lang='lat' dir='ltr'><strong>est</strong></span> <span class='ocrx_word' id='word_1_12' title='bbox 1251 470 1324 537; x_wconf 86' lang='lat' dir='ltr'><strong>libe·</strong></span> 
     </span>
     <span class='ocr_line' id='line_1_3' title="bbox 230 570 1326 663; baseline 0 -19"><span class='ocrx_word' id='word_1_13' title='bbox 230 584 320 645; x_wconf 87' lang='lat' dir='ltr'><strong>ratus</strong></span> <span class='ocrx_word' id='word_1_14' title='bbox 342 580 474 662; x_wconf 90' lang='lat' dir='ltr'><strong>cogitari</strong></span> <span class='ocrx_word' id='word_1_15' title='bbox 497 585 612 663; x_wconf 90' lang='lat' dir='ltr'><strong>potest.</strong></span> <span class='ocrx_word' id='word_1_16' title='bbox 647 579 752 645; x_wconf 88' lang='lat' dir='ltr'><strong>Verba</strong></span> <span class='ocrx_word' id='word_1_17' title='bbox 773 580 854 644; x_wconf 91' lang='lat' dir='ltr'><strong>enim</strong></span> <span class='ocrx_word' id='word_1_18' title='bbox 875 573 978 661; x_wconf 79' lang='lat' dir='ltr'><strong>‘qnod</strong></span> <span class='ocrx_word' id='word_1_19' title='bbox 1000 597 1162 659; x_wconf 89' lang='lat' dir='ltr'><strong>nunquam</strong></span> <span class='ocrx_word' id='word_1_20' title='bbox 1186 570 1326 646; x_wconf 88' lang='lat' dir='ltr'><strong>vidimus&#39;</strong></span> 
     </span>
     <span class='ocr_line' id='line_1_4' title="bbox 232 688 1326 771; baseline -0.001 -17"><span class='ocrx_word' id='word_1_21' title='bbox 232 708 294 754; x_wconf 93' lang='lat' dir='ltr'><strong>non</strong></span> <span class='ocrx_word' id='word_1_22' title='bbox 317 689 425 754; x_wconf 88' lang='lat' dir='ltr'><strong>dubito</strong></span> <span class='ocrx_word' id='word_1_23' title='bbox 444 689 519 771; x_wconf 91' lang='lat' dir='ltr'><strong>quin</strong></span> <span class='ocrx_word' id='word_1_24' title='bbox 539 688 579 753; x_wconf 91' lang='lat' dir='ltr'><strong>ad</strong></span> <span class='ocrx_word' id='word_1_25' title='bbox 602 689 741 754; x_wconf 91' lang='lat' dir='ltr'><strong>animum</strong></span> <span class='ocrx_word' id='word_1_26' title='bbox 766 707 835 753; x_wconf 90' lang='lat' dir='ltr'><strong>cum</strong></span> <span class='ocrx_word' id='word_1_27' title='bbox 853 704 984 771; x_wconf 90' lang='lat' dir='ltr'><strong>corpore</strong></span> <span class='ocrx_word' id='word_1_28' title='bbox 1002 688 1202 755; x_wconf 87' lang='lat' dir='ltr'><strong>coniunctum</strong></span> <span class='ocrx_word' id='word_1_29' title='bbox 1216 709 1326 755; x_wconf 92' lang='lat' dir='ltr'><strong>—non</strong></span> 
     </span>
     <span class='ocr_line' id='line_1_5' title="bbox 231 795 1329 877; baseline 0 -14"><span class='ocrx_word' id='word_1_30' title='bbox 231 801 313 863; x_wconf 91' lang='lat' dir='ltr'><strong>enim</strong></span> <span class='ocrx_word' id='word_1_31' title='bbox 336 799 421 864; x_wconf 91' lang='lat' dir='ltr'><strong>hunc</strong></span> <span class='ocrx_word' id='word_1_32' title='bbox 436 798 571 864; x_wconf 87' lang='lat' dir='ltr'><strong>vidimus</strong></span> <span class='ocrx_word' id='word_1_33' title='bbox 584 832 624 844; x_wconf 97' lang='lat'>—</span> <span class='ocrx_word' id='word_1_34' title='bbox 636 795 801 863; x_wconf 84' lang='lat' dir='ltr'><strong>referenda</strong></span> <span class='ocrx_word' id='word_1_35' title='bbox 818 798 889 862; x_wconf 88' lang='lat' dir='ltr'><strong>siut.</strong></span> <span class='ocrx_word' id='word_1_36' title='bbox 913 831 952 843; x_wconf 96' lang='lat'><em>-</em></span> <span class='ocrx_word' id='word_1_37' title='bbox 975 796 1172 877; x_wconf 84' lang='lat' dir='ltr'><strong>Quamquam</strong></span> <span class='ocrx_word' id='word_1_38' title='bbox 1195 816 1235 864; x_wconf 88' lang='lat' dir='ltr'><strong>ne</strong></span> <span class='ocrx_word' id='word_1_39' title='bbox 1248 798 1329 863; x_wconf 87' lang='lat' dir='ltr'><strong>hanc</strong></span> 
     </span>
     <span class='ocr_line' id='line_1_6' title="bbox 231 905 1329 989; baseline -0.002 -17"><span class='ocrx_word' id='word_1_40' title='bbox 231 907 357 987; x_wconf 92' lang='lat' dir='ltr'><strong>quidem</strong></span> <span class='ocrx_word' id='word_1_41' title='bbox 379 907 651 973; x_wconf 82' lang='lat' dir='ltr'><strong>ratiocinationem</strong></span> <span class='ocrx_word' id='word_1_42' title='bbox 672 925 730 989; x_wconf 89' lang='lat' dir='ltr'><strong>ego</strong></span> <span class='ocrx_word' id='word_1_43' title='bbox 753 924 856 972; x_wconf 89' lang='lat' dir='ltr'><strong>meam</strong></span> <span class='ocrx_word' id='word_1_44' title='bbox 881 905 1009 983; x_wconf 79' lang='lat' dir='ltr'><strong>faciam,</strong></span> <span class='ocrx_word' id='word_1_45' title='bbox 1044 913 1150 972; x_wconf 89' lang='lat' dir='ltr'><strong>tamen</strong></span> <span class='ocrx_word' id='word_1_46' title='bbox 1173 925 1193 972; x_wconf 87' lang='lat' dir='ltr'><strong>a</strong></span> <span class='ocrx_word' id='word_1_47' title='bbox 1216 905 1329 972; x_wconf 85' lang='lat' dir='ltr'><strong>Stoicis</strong></span> 
     </span>
     <span class='ocr_line' id='line_1_7' title="bbox 234 1015 1329 1098; baseline 0.002 -18"><span class='ocrx_word' id='word_1_48' title='bbox 234 1017 283 1080; x_wconf 86' lang='lat' dir='ltr'><strong>rel</strong></span> <span class='ocrx_word' id='word_1_49' title='bbox 307 1021 392 1082; x_wconf 89' lang='lat' dir='ltr'><strong>certe</strong></span> <span class='ocrx_word' id='word_1_50' title='bbox 414 1015 596 1082; x_wconf 85' lang='lat' dir='ltr'><strong>aCicerone</strong></span> <span class='ocrx_word' id='word_1_51' title='bbox 618 1017 792 1097; x_wconf 87' lang='lat' dir='ltr'><strong>interprete</strong></span> <span class='ocrx_word' id='word_1_52' title='bbox 813 1035 883 1080; x_wconf 85' lang='lat' dir='ltr'><strong>eam</strong></span> <span class='ocrx_word' id='word_1_53' title='bbox 906 1015 1041 1081; x_wconf 87' lang='lat' dir='ltr'><strong>alienam</strong></span> <span class='ocrx_word' id='word_1_54' title='bbox 1063 1033 1125 1080; x_wconf 90' lang='lat' dir='ltr'><strong>non</strong></span> <span class='ocrx_word' id='word_1_55' title='bbox 1148 1034 1216 1082; x_wconf 88' lang='lat' dir='ltr'><strong>esse</strong></span> <span class='ocrx_word' id='word_1_56' title='bbox 1238 1023 1329 1098; x_wconf 91' lang='lat' dir='ltr'><strong>puta·</strong></span> 
     </span>
     <span class='ocr_line' id='line_1_8' title="bbox 233 1125 340 1192; baseline 0.009 -2"><span class='ocrx_word' id='word_1_57' title='bbox 233 1125 340 1192; x_wconf 87' lang='lat' dir='ltr'><strong>verim.</strong></span> 
     </span>
    </p>

    <p class='ocr_par' dir='ltr' id='par_1_3' title="bbox 232 1233 1389 4262">
     <span class='ocr_line' id='line_1_9' title="bbox 332 1233 1330 1317; baseline -0.002 -17"><span class='ocrx_word' id='word_1_58' title='bbox 332 1234 541 1316; x_wconf 83' lang='lat' dir='ltr'><strong>Explicantur</strong></span> <span class='ocrx_word' id='word_1_59' title='bbox 554 1233 665 1299; x_wconf 86' lang='lat' dir='ltr'><strong>deinde</strong></span> <span class='ocrx_word' id='word_1_60' title='bbox 677 1238 865 1317; x_wconf 89' lang='lat' dir='ltr'><strong>argumenta</strong></span> <span class='ocrx_word' id='word_1_61' title='bbox 882 1235 1130 1302; x_wconf 85' lang='lat' dir='ltr'><strong>immortalitatis</strong></span> <span class='ocrx_word' id='word_1_62' title='bbox 1153 1235 1330 1300; x_wconf 90' lang='lat' dir='ltr'><strong>animorum</strong></span> 
     </span>
     <span class='ocr_line' id='line_1_10' title="bbox 234 1342 1330 1428; baseline -0.002 -18"><span class='ocrx_word' id='word_1_63' title='bbox 234 1364 253 1410; x_wconf 92' lang='lat' dir='ltr'><strong>a</strong></span> <span class='ocrx_word' id='word_1_64' title='bbox 275 1364 299 1412; x_wconf 91' lang='lat' dir='ltr'><strong>c.</strong></span> <span class='ocrx_word' id='word_1_65' title='bbox 322 1346 463 1410; x_wconf 80' lang='lat'>23-28:</span> <span class='ocrx_word' id='word_1_66' title='bbox 494 1345 629 1426; x_wconf 92' lang='lat' dir='ltr'><strong>primum</strong></span> <span class='ocrx_word' id='word_1_67' title='bbox 651 1344 791 1409; x_wconf 87' lang='lat' dir='ltr'><strong>Platonis</strong></span> <span class='ocrx_word' id='word_1_68' title='bbox 813 1344 890 1409; x_wconf 93' lang='lat' dir='ltr'><strong>illud</strong></span> <span class='ocrx_word' id='word_1_69' title='bbox 908 1345 1057 1423; x_wconf 88' lang='lat' dir='ltr'><strong>(Phaedr.</strong></span> <span class='ocrx_word' id='word_1_70' title='bbox 1079 1364 1108 1425; x_wconf 89' lang='lat' dir='ltr'><strong>p.</strong></span> <span class='ocrx_word' id='word_1_71' title='bbox 1128 1345 1188 1410; x_wconf 81' lang='lat'><strong>245</strong></span> <span class='ocrx_word' id='word_1_72' title='bbox 1202 1342 1241 1428; x_wconf 81' lang='lat' dir='ltr'><strong>d)</strong></span> <span class='ocrx_word' id='word_1_73' title='bbox 1265 1346 1330 1409; x_wconf 87' lang='lat' dir='ltr'><strong>ani·</strong></span> 
     </span>
     <span class='ocr_line' id='line_1_11' title="bbox 232 1453 1329 1536; baseline 0 -17"><span class='ocrx_word' id='word_1_74' title='bbox 232 1473 319 1519; x_wconf 92' lang='lat' dir='ltr'><strong>mum</strong></span> <span class='ocrx_word' id='word_1_75' title='bbox 347 1471 405 1536; x_wconf 91' lang='lat' dir='ltr'><strong>per</strong></span> <span class='ocrx_word' id='word_1_76' title='bbox 440 1473 475 1520; x_wconf 90' lang='lat' dir='ltr'><strong>se</strong></span> <span class='ocrx_word' id='word_1_77' title='bbox 508 1453 582 1519; x_wconf 84' lang='lat' dir='ltr'><strong>cleri</strong></span> <span class='ocrx_word' id='word_1_78' title='bbox 604 1459 637 1520; x_wconf 90' lang='lat' dir='ltr'><strong>et</strong></span> <span class='ocrx_word' id='word_1_79' title='bbox 659 1454 788 1530; x_wconf 89' lang='lat' dir='ltr'><strong>moveri,</strong></span> <span class='ocrx_word' id='word_1_80' title='bbox 825 1457 892 1519; x_wconf 91' lang='lat' dir='ltr'><strong>tum</strong></span> <span class='ocrx_word' id='word_1_81' title='bbox 918 1454 1056 1519; x_wconf 91' lang='lat' dir='ltr'><strong>divinum</strong></span> <span class='ocrx_word' id='word_1_82' title='bbox 1079 1473 1163 1535; x_wconf 82' lang='lat' dir='ltr'><strong>esse3</strong></span> <span class='ocrx_word' id='word_1_83' title='bbox 1195 1473 1329 1536; x_wconf 93' lang='lat' dir='ltr'><strong>quorum</strong></span> 
     </span>
     <span class='ocr_line' id='line_1_12' title="bbox 234 1563 1331 1647; baseline 0.001 -17"><span class='ocrx_word' id='word_1_84' title='bbox 234 1569 369 1647; x_wconf 92' lang='lat' dir='ltr'><strong>utroque</strong></span> <span class='ocrx_word' id='word_1_85' title='bbox 390 1582 451 1628; x_wconf 91' lang='lat' dir='ltr'><strong>non</strong></span> <span class='ocrx_word' id='word_1_86' title='bbox 481 1564 582 1628; x_wconf 93' lang='lat' dir='ltr'><strong>solnm</strong></span> <span class='ocrx_word' id='word_1_87' title='bbox 605 1563 807 1642; x_wconf 88' lang='lat' dir='ltr'><strong>immortales,</strong></span> <span class='ocrx_word' id='word_1_88' title='bbox 844 1564 899 1629; x_wconf 93' lang='lat' dir='ltr'><strong>sed</strong></span> <span class='ocrx_word' id='word_1_89' title='bbox 923 1565 1018 1628; x_wconf 88' lang='lat' dir='ltr'><strong>etiarn</strong></span> <span class='ocrx_word' id='word_1_90' title='bbox 1044 1570 1188 1629; x_wconf 90' lang='lat' dir='ltr'><strong>aeternos</strong></span> <span class='ocrx_word' id='word_1_91' title='bbox 1209 1564 1331 1631; x_wconf 88' lang='lat' dir='ltr'><strong>animos</strong></span> 
     </span>
     <span class='ocr_line' id='line_1_13' title="bbox 233 1666 1331 1754; baseline 0 -17"><span class='ocrx_word' id='word_1_92' title='bbox 233 1666 304 1742; x_wconf 86' lang='lat' dir='ltr'><strong>ease</strong></span> <span class='ocrx_word' id='word_1_93' title='bbox 326 1671 470 1738; x_wconf 85' lang='lat' dir='ltr'><strong>efficitur.</strong></span> <span class='ocrx_word' id='word_1_94' title='bbox 509 1671 675 1739; x_wconf 89' lang='lat' dir='ltr'><strong>Postremo</strong></span> <span class='ocrx_word' id='word_1_95' title='bbox 697 1679 902 1753; x_wconf 86' lang='lat' dir='ltr'><strong>comparatur</strong></span> <span class='ocrx_word' id='word_1_96' title='bbox 926 1674 1049 1737; x_wconf 86' lang='lat' dir='ltr'><strong>animus</strong></span> <span class='ocrx_word' id='word_1_97' title='bbox 1070 1691 1140 1737; x_wconf 90' lang='lat' dir='ltr'><strong>cnm</strong></span> <span class='ocrx_word' id='word_1_98' title='bbox 1164 1674 1232 1752; x_wconf 90' lang='lat' dir='ltr'><strong>deo,</strong></span> <span class='ocrx_word' id='word_1_99' title='bbox 1255 1691 1331 1754; x_wconf 93' lang='lat' dir='ltr'><strong>quo·</strong></span> 
     </span>
     <span class='ocr_line' id='line_1_14' title="bbox 233 1781 1333 1863; baseline 0 -15"><span class='ocrx_word' id='word_1_100' title='bbox 233 1801 304 1848; x_wconf 91' lang='lat' dir='ltr'><strong>rum</strong></span> <span class='ocrx_word' id='word_1_101' title='bbox 324 1783 488 1862; x_wconf 86' lang='lat' dir='ltr'><strong>utriusque</strong></span> <span class='ocrx_word' id='word_1_102' title='bbox 521 1781 669 1847; x_wconf 82' lang='lat' dir='ltr'><strong>divinitas</strong></span> <span class='ocrx_word' id='word_1_103' title='bbox 700 1800 740 1847; x_wconf 85' lang='lat' dir='ltr'><strong>ex</strong></span> <span class='ocrx_word' id='word_1_104' title='bbox 772 1781 919 1862; x_wconf 90' lang='lat' dir='ltr'><strong>operibus</strong></span> <span class='ocrx_word' id='word_1_105' title='bbox 943 1789 1145 1863; x_wconf 81' lang='lat' dir='ltr'><strong>agnoscatur.</strong></span> <span class='ocrx_word' id='word_1_106' title='bbox 1201 1782 1333 1848; x_wconf 90' lang='lat' dir='ltr'><strong>Divinos</strong></span> 
     </span>
     <span class='ocr_line' id='line_1_15' title="bbox 234 1889 1332 1973; baseline -0.001 -17"><span class='ocrx_word' id='word_1_107' title='bbox 234 1908 303 1956; x_wconf 89' lang='lat' dir='ltr'><strong>esse</strong></span> <span class='ocrx_word' id='word_1_108' title='bbox 325 1891 446 1956; x_wconf 90' lang='lat' dir='ltr'><strong>animos</strong></span> <span class='ocrx_word' id='word_1_109' title='bbox 477 1907 513 1954; x_wconf 92' lang='lat' dir='ltr'><strong>eo</strong></span> <span class='ocrx_word' id='word_1_110' title='bbox 532 1889 694 1971; x_wconf 92' lang='lat' dir='ltr'><strong>probatur,</strong></span> <span class='ocrx_word' id='word_1_111' title='bbox 724 1891 809 1973; x_wconf 89' lang='lat' dir='ltr'><strong>quod</strong></span> <span class='ocrx_word' id='word_1_112' title='bbox 831 1891 928 1955; x_wconf 90' lang='lat' dir='ltr'><strong>insint</strong></span> <span class='ocrx_word' id='word_1_113' title='bbox 949 1891 980 1954; x_wconf 92' lang='lat' dir='ltr'><strong>iu</strong></span> <span class='ocrx_word' id='word_1_114' title='bbox 1003 1891 1040 1956; x_wconf 92' lang='lat' dir='ltr'><strong>iis</strong></span> <span class='ocrx_word' id='word_1_115' title='bbox 1061 1891 1213 1956; x_wconf 89' lang='lat' dir='ltr'><strong>memoria</strong></span> <span class='ocrx_word' id='word_1_116' title='bbox 1232 1898 1264 1957; x_wconf 90' lang='lat' dir='ltr'><strong>et</strong></span> <span class='ocrx_word' id='word_1_117' title='bbox 1287 1892 1332 1956; x_wconf 94' lang='lat' dir='ltr'><strong>in·</strong></span> 
     </span>
     <span class='ocr_line' id='line_1_16' title="bbox 233 1997 1331 2079; baseline 0.001 -15"><span class='ocrx_word' id='word_1_118' title='bbox 233 1999 348 2065; x_wconf 84' lang='lat' dir='ltr'><strong>ventio.</strong></span> <span class='ocrx_word' id='word_1_119' title='bbox 406 1997 476 2075; x_wconf 86' lang='lat' dir='ltr'><strong>Qua</strong></span> <span class='ocrx_word' id='word_1_120' title='bbox 498 1998 531 2062; x_wconf 94' lang='lat' dir='ltr'><strong>in</strong></span> <span class='ocrx_word' id='word_1_121' title='bbox 553 2016 680 2064; x_wconf 91' lang='lat' dir='ltr'><strong>recum</strong></span> <span class='ocrx_word' id='word_1_122' title='bbox 706 1997 880 2064; x_wconf 85' lang='lat' dir='ltr'><strong>Platonicis</strong></span> <span class='ocrx_word' id='word_1_123' title='bbox 901 1999 1077 2065; x_wconf 90' lang='lat' dir='ltr'><strong>rationibus</strong></span> <span class='ocrx_word' id='word_1_124' title='bbox 1099 2005 1210 2065; x_wconf 91' lang='lat' dir='ltr'><strong>utatur</strong></span> <span class='ocrx_word' id='word_1_125' title='bbox 1231 2005 1264 2065; x_wconf 90' lang='lat' dir='ltr'><strong>et</strong></span> <span class='ocrx_word' id='word_1_126' title='bbox 1284 2001 1331 2079; x_wconf 90' lang='lat' dir='ltr'><strong>iis,</strong></span> 
     </span>
     <span class='ocr_line' id='line_1_17' title="bbox 234 2106 1332 2192; baseline 0 -18"><span class='ocrx_word' id='word_1_127' title='bbox 234 2127 316 2190; x_wconf 91' lang='lat' dir='ltr'><strong>quae</strong></span> <span class='ocrx_word' id='word_1_128' title='bbox 356 2128 376 2174; x_wconf 93' lang='lat' dir='ltr'><strong>a</strong></span> <span class='ocrx_word' id='word_1_129' title='bbox 413 2107 525 2174; x_wconf 85' lang='lat' dir='ltr'><strong>Stoicis</strong></span> <span class='ocrx_word' id='word_1_130' title='bbox 562 2107 732 2189; x_wconf 91' lang='lat' dir='ltr'><strong>plurimum</strong></span> <span class='ocrx_word' id='word_1_131' title='bbox 770 2106 939 2174; x_wconf 84' lang='lat' dir='ltr'><strong>abhorrere</strong></span> <span class='ocrx_word' id='word_1_132' title='bbox 977 2109 1156 2188; x_wconf 86' lang='lat' dir='ltr'><strong>videantur,</strong></span> <span class='ocrx_word' id='word_1_133' title='bbox 1190 2109 1332 2192; x_wconf 87' lang='lat' dir='ltr'><strong>inprimis</strong></span> 
     </span>
     <span class='ocr_line' id='line_1_18' title="bbox 234 2216 1332 2300; baseline -0.001 -17"><span class='ocrx_word' id='word_1_134' title='bbox 234 2217 407 2300; x_wconf 88' lang='lat' dir='ltr'><strong>quaeritur,</strong></span> <span class='ocrx_word' id='word_1_135' title='bbox 433 2235 509 2281; x_wconf 90' lang='lat' dir='ltr'><strong>num</strong></span> <span class='ocrx_word' id='word_1_136' title='bbox 530 2217 607 2282; x_wconf 90' lang='lat' dir='ltr'><strong>haec</strong></span> <span class='ocrx_word' id='word_1_137' title='bbox 629 2235 665 2280; x_wconf 84' lang='lat' dir='ltr'><strong>er</strong></span> <span class='ocrx_word' id='word_1_138' title='bbox 687 2217 756 2298; x_wconf 91' lang='lat' dir='ltr'><strong>ipso</strong></span> <span class='ocrx_word' id='word_1_139' title='bbox 779 2216 913 2282; x_wconf 92' lang='lat' dir='ltr'><strong>Platone</strong></span> <span class='ocrx_word' id='word_1_140' title='bbox 942 2217 1093 2285; x_wconf 84' lang='lat' dir='ltr'><strong>hauserit</strong></span> <span class='ocrx_word' id='word_1_141' title='bbox 1147 2217 1238 2295; x_wconf 85' lang='lat' dir='ltr'><strong>Quod</strong></span> <span class='ocrx_word' id='word_1_142' title='bbox 1260 2237 1332 2284; x_wconf 89' lang='lat' dir='ltr'><strong>cum</strong></span> 
     </span>
     <span class='ocr_line' id='line_1_19' title="bbox 234 2326 1331 2410; baseline 0.002 -18"><span class='ocrx_word' id='word_1_143' title='bbox 234 2344 436 2410; x_wconf 84' lang='lat' dir='ltr'><strong>quaeramus,</strong></span> <span class='ocrx_word' id='word_1_144' title='bbox 455 2326 644 2391; x_wconf 89' lang='lat' dir='ltr'><strong>monendum</strong></span> <span class='ocrx_word' id='word_1_145' title='bbox 667 2332 716 2392; x_wconf 89' lang='lat' dir='ltr'><strong>est</strong></span> <span class='ocrx_word' id='word_1_146' title='bbox 729 2326 789 2392; x_wconf 93' lang='lat' dir='ltr'><strong>hoc</strong></span> <span class='ocrx_word' id='word_1_147' title='bbox 804 2326 977 2393; x_wconf 87' lang='lat' dir='ltr'><strong>divinitatis</strong></span> <span class='ocrx_word' id='word_1_148' title='bbox 993 2333 1215 2410; x_wconf 83' lang='lat' dir='ltr'><strong>argumentum</strong></span> <span class='ocrx_word' id='word_1_149' title='bbox 1233 2345 1331 2394; x_wconf 90' lang='lat' dir='ltr'><strong>unum</strong></span> 
     </span>
     <span class='ocr_line' id='line_1_20' title="bbox 235 2434 1333 2516; baseline -0.001 -15"><span class='ocrx_word' id='word_1_150' title='bbox 235 2455 303 2502; x_wconf 88' lang='lat' dir='ltr'><strong>esse</strong></span> <span class='ocrx_word' id='word_1_151' title='bbox 326 2454 383 2501; x_wconf 89' lang='lat' dir='ltr'><strong>nec</strong></span> <span class='ocrx_word' id='word_1_152' title='bbox 406 2434 501 2500; x_wconf 89' lang='lat' dir='ltr'><strong>dividi</strong></span> <span class='ocrx_word' id='word_1_153' title='bbox 526 2452 629 2516; x_wconf 91' lang='lat' dir='ltr'><strong>posse,</strong></span> <span class='ocrx_word' id='word_1_154' title='bbox 651 2440 687 2500; x_wconf 94' lang='lat' dir='ltr'><strong>ut</strong></span> <span class='ocrx_word' id='word_1_155' title='bbox 709 2435 734 2498; x_wconf 90' lang='lat' dir='ltr'><strong>si</strong></span> <span class='ocrx_word' id='word_1_156' title='bbox 752 2435 857 2500; x_wconf 87' lang='lat' dir='ltr'><strong>dicere</strong></span> <span class='ocrx_word' id='word_1_157' title='bbox 869 2435 1076 2515; x_wconf 88' lang='lat' dir='ltr'><strong>potuerimus,</strong></span> <span class='ocrx_word' id='word_1_158' title='bbox 1101 2435 1183 2501; x_wconf 88' lang='lat' dir='ltr'><strong>unde</strong></span> <span class='ocrx_word' id='word_1_159' title='bbox 1201 2453 1333 2516; x_wconf 89' lang='lat' dir='ltr'><strong>eaquae</strong></span> 
     </span>
     <span class='ocr_line' id='line_1_21' title="bbox 234 2543 1331 2626; baseline -0.001 -17"><span class='ocrx_word' id='word_1_160' title='bbox 234 2545 274 2609; x_wconf 92' lang='lat' dir='ltr'><strong>de</strong></span> <span class='ocrx_word' id='word_1_161' title='bbox 294 2545 473 2610; x_wconf 90' lang='lat' dir='ltr'><strong>inventione</strong></span> <span class='ocrx_word' id='word_1_162' title='bbox 497 2549 696 2626; x_wconf 84' lang='lat' dir='ltr'><strong>exponantur</strong></span> <span class='ocrx_word' id='word_1_163' title='bbox 717 2543 898 2625; x_wconf 84' lang='lat' dir='ltr'><strong>sumpserit,</strong></span> <span class='ocrx_word' id='word_1_164' title='bbox 922 2563 986 2609; x_wconf 92' lang='lat' dir='ltr'><strong>nna</strong></span> <span class='ocrx_word' id='word_1_165' title='bbox 1006 2549 1137 2625; x_wconf 82' lang='lat' dir='ltr'><strong>constet,</strong></span> <span class='ocrx_word' id='word_1_166' title='bbox 1160 2564 1180 2610; x_wconf 92' lang='lat' dir='ltr'><strong>a</strong></span> <span class='ocrx_word' id='word_1_167' title='bbox 1201 2563 1263 2626; x_wconf 90' lang='lat' dir='ltr'><strong>qno</strong></span> <span class='ocrx_word' id='word_1_168' title='bbox 1282 2563 1331 2610; x_wconf 91' lang='lat' dir='ltr'><strong>ce·</strong></span> 
     </span>
     <span class='ocr_line' id='line_1_22' title="bbox 234 2651 1332 2738; baseline 0 -19"><span class='ocrx_word' id='word_1_169' title='bbox 234 2657 304 2719; x_wconf 86' lang='lat' dir='ltr'><strong>tera</strong></span> <span class='ocrx_word' id='word_1_170' title='bbox 326 2654 492 2735; x_wconf 88' lang='lat' dir='ltr'><strong>acceperit.</strong></span> <span class='ocrx_word' id='word_1_171' title='bbox 525 2651 586 2718; x_wconf 87' lang='lat' dir='ltr'><strong>Sed</strong></span> <span class='ocrx_word' id='word_1_172' title='bbox 608 2654 703 2719; x_wconf 90' lang='lat' dir='ltr'><strong>etiam</strong></span> <span class='ocrx_word' id='word_1_173' title='bbox 726 2657 893 2735; x_wconf 90' lang='lat' dir='ltr'><strong>praeterea</strong></span> <span class='ocrx_word' id='word_1_174' title='bbox 915 2652 976 2718; x_wconf 84' lang='lat' dir='ltr'><strong>Cic.</strong></span> <span class='ocrx_word' id='word_1_175' title='bbox 1001 2654 1079 2720; x_wconf 90' lang='lat' dir='ltr'><strong>satis</strong></span> <span class='ocrx_word' id='word_1_176' title='bbox 1099 2653 1228 2738; x_wconf 89' lang='lat' dir='ltr'><strong>iudicat,</strong></span> <span class='ocrx_word' id='word_1_177' title='bbox 1250 2653 1332 2719; x_wconf 91' lang='lat' dir='ltr'><strong>unde</strong></span> 
     </span>
     <span class='ocr_line' id='line_1_23' title="bbox 234 2761 1331 2844; baseline 0 -16"><span class='ocrx_word' id='word_1_178' title='bbox 234 2763 380 2844; x_wconf 90' lang='lat' dir='ltr'><strong>pendeat.</strong></span> <span class='ocrx_word' id='word_1_179' title='bbox 414 2761 478 2828; x_wconf 80' lang='lat' dir='ltr'><strong>Gur</strong></span> <span class='ocrx_word' id='word_1_180' title='bbox 501 2762 583 2827; x_wconf 92' lang='lat' dir='ltr'><strong>enim</strong></span> <span class='ocrx_word' id='word_1_181' title='bbox 600 2768 767 2843; x_wconf 88' lang='lat' dir='ltr'><strong>postquam</strong></span> <span class='ocrx_word' id='word_1_182' title='bbox 794 2761 897 2827; x_wconf 90' lang='lat' dir='ltr'><strong>cordis</strong></span> <span class='ocrx_word' id='word_1_183' title='bbox 918 2761 969 2826; x_wconf 84' lang='lat' dir='ltr'><strong>vel</strong></span> <span class='ocrx_word' id='word_1_184' title='bbox 990 2763 1153 2843; x_wconf 89' lang='lat' dir='ltr'><strong>sanguinis</strong></span> <span class='ocrx_word' id='word_1_185' title='bbox 1175 2762 1226 2826; x_wconf 83' lang='lat' dir='ltr'><strong>vel</strong></span> <span class='ocrx_word' id='word_1_186' title='bbox 1248 2781 1331 2828; x_wconf 90' lang='lat' dir='ltr'><strong>cerc-</strong></span> 
     </span>
     <span class='ocr_line' id='line_1_24' title="bbox 234 2869 1330 2954; baseline -0.001 -17"><span class='ocrx_word' id='word_1_187' title='bbox 234 2871 282 2937; x_wconf 90' lang='lat' dir='ltr'><strong>bri</strong></span> <span class='ocrx_word' id='word_1_188' title='bbox 305 2871 355 2937; x_wconf 82' lang='lat' dir='ltr'><strong>vel</strong></span> <span class='ocrx_word' id='word_1_189' title='bbox 377 2876 555 2937; x_wconf 87' lang='lat' dir='ltr'><strong>atomorum</strong></span> <span class='ocrx_word' id='word_1_190' title='bbox 577 2871 640 2935; x_wconf 86' lang='lat' dir='ltr'><strong>vim</strong></span> <span class='ocrx_word' id='word_1_191' title='bbox 662 2869 845 2935; x_wconf 90' lang='lat' dir='ltr'><strong>memoriam</strong></span> <span class='ocrx_word' id='word_1_192' title='bbox 867 2889 936 2938; x_wconf 88' lang='lat' dir='ltr'><strong>esse</strong></span> <span class='ocrx_word' id='word_1_193' title='bbox 958 2871 1095 2954; x_wconf 88' lang='lat' dir='ltr'><strong>negavit,</strong></span> <span class='ocrx_word' id='word_1_194' title='bbox 1123 2872 1203 2938; x_wconf 90' lang='lat' dir='ltr'><strong>haec</strong></span> <span class='ocrx_word' id='word_1_195' title='bbox 1223 2871 1330 2938; x_wconf 89' lang='lat' dir='ltr'><strong>edicit:</strong></span> 
     </span>
     <span class='ocr_line' id='line_1_25' title="bbox 232 2975 1333 3064; baseline -0.001 -16"><span class='ocrx_word' id='word_1_196' title='bbox 232 2975 375 3048; x_wconf 80' lang='lat' dir='ltr'><strong>‘animae</strong></span> <span class='ocrx_word' id='word_1_197' title='bbox 393 2983 436 3046; x_wconf 83' lang='lat' dir='ltr'><strong>stt</strong></span> <span class='ocrx_word' id='word_1_198' title='bbox 458 2981 582 3064; x_wconf 68' lang='lat' dir='ltr'><strong>ipsisne</strong></span> <span class='ocrx_word' id='word_1_199' title='bbox 613 2981 718 3046; x_wconf 87' lang='lat' dir='ltr'><strong>nescio</strong></span> <span class='ocrx_word' id='word_1_200' title='bbox 751 3000 808 3047; x_wconf 93' lang='lat' dir='ltr'><strong>nec</strong></span> <span class='ocrx_word' id='word_1_201' title='bbox 825 2980 923 3062; x_wconf 88' lang='lat' dir='ltr'><strong>podet</strong></span> <span class='ocrx_word' id='word_1_202' title='bbox 943 2987 979 3046; x_wconf 88' lang='lat' dir='ltr'><strong>ut</strong></span> <span class='ocrx_word' id='word_1_203' title='bbox 1000 2983 1076 3047; x_wconf 83' lang='lat' dir='ltr'><strong>istos</strong></span> <span class='ocrx_word' id='word_1_204' title='bbox 1096 2979 1189 3048; x_wconf 85' lang='lat' dir='ltr'><strong>lateri</strong></span> <span class='ocrx_word' id='word_1_205' title='bbox 1213 2983 1333 3048; x_wconf 86' lang='lat' dir='ltr'><strong>nescire</strong></span> 
     </span>
     <span class='ocr_line' id='line_1_26' title="bbox 235 3088 1389 3171; baseline 0.003 -17"><span class='ocrx_word' id='word_1_206' title='bbox 235 3090 318 3171; x_wconf 91' lang='lat' dir='ltr'><strong>qnod</strong></span> <span class='ocrx_word' id='word_1_207' title='bbox 340 3091 496 3171; x_wconf 89' lang='lat' dir='ltr'><strong>nesciam;</strong></span> <span class='ocrx_word' id='word_1_208' title='bbox 533 3089 613 3156; x_wconf 92' lang='lat' dir='ltr'><strong>illud</strong></span> <span class='ocrx_word' id='word_1_209' title='bbox 635 3090 660 3156; x_wconf 93' lang='lat' dir='ltr'><strong>si</strong></span> <span class='ocrx_word' id='word_1_210' title='bbox 684 3091 752 3155; x_wconf 91' lang='lat' dir='ltr'><strong>ulla</strong></span> <span class='ocrx_word' id='word_1_211' title='bbox 776 3089 840 3155; x_wconf 89' lang='lat' dir='ltr'><strong>alia</strong></span> <span class='ocrx_word' id='word_1_212' title='bbox 866 3091 905 3155; x_wconf 90' lang='lat' dir='ltr'><strong>de</strong></span> <span class='ocrx_word' id='word_1_213' title='bbox 936 3110 972 3155; x_wconf 92' lang='lat' dir='ltr'><strong>re</strong></span> <span class='ocrx_word' id='word_1_214' title='bbox 1005 3089 1141 3156; x_wconf 89' lang='lat' dir='ltr'><strong>obscura</strong></span> <span class='ocrx_word' id='word_1_215' title='bbox 1172 3088 1332 3157; x_wconf 84' lang='lat' dir='ltr'><strong>affirmare</strong></span> <span class='ocrx_word' id='word_1_216' title='bbox 1388 3163 1389 3168; x_wconf 42' lang='lat'><strong>.</strong></span> 
     </span>
     <span class='ocr_line' id='line_1_27' title="bbox 236 3177 1389 3283; baseline 0 -19"><span class='ocrx_word' id='word_1_217' title='bbox 236 3217 371 3281; x_wconf 88' lang='lat' dir='ltr'><strong>possem,</strong></span> <span class='ocrx_word' id='word_1_218' title='bbox 394 3200 458 3264; x_wconf 82' lang='lat' dir='ltr'><strong>sive</strong></span> <span class='ocrx_word' id='word_1_219' title='bbox 472 3199 579 3265; x_wconf 83' lang='lat' dir='ltr'><strong>naimo</strong></span> <span class='ocrx_word' id='word_1_220' title='bbox 599 3201 663 3265; x_wconf 82' lang='lat' dir='ltr'><strong>slve</strong></span> <span class='ocrx_word' id='word_1_221' title='bbox 686 3200 770 3283; x_wconf 73' lang='lat' dir='ltr'><strong>ipris</strong></span> <span class='ocrx_word' id='word_1_222' title='bbox 791 3205 837 3265; x_wconf 85' lang='lat' dir='ltr'><strong>est</strong></span> <span class='ocrx_word' id='word_1_223' title='bbox 856 3201 991 3280; x_wconf 79' lang='lat' dir='ltr'><strong>animus,</strong></span> <span class='ocrx_word' id='word_1_224' title='bbox 1013 3187 1085 3265; x_wconf 90' lang='lat' dir='ltr'><strong>eum</strong></span> <span class='ocrx_word' id='word_1_225' title='bbox 1106 3201 1243 3265; x_wconf 89' lang='lat' dir='ltr'><strong>iurarem</strong></span> <span class='ocrx_word' id='word_1_226' title='bbox 1264 3218 1333 3266; x_wconf 88' lang='lat' dir='ltr'><strong>esse</strong></span> <span class='ocrx_word' id='word_1_227' title='bbox 1387 3177 1389 3226; x_wconf 30' lang='grc' dir='ltr'>ἶ</span> 
     </span>
     <span class='ocr_line' id='line_1_28' title="bbox 235 3299 1389 3396; baseline 0 -23"><span class='ocrx_word' id='word_1_228' title='bbox 235 3299 390 3373; x_wconf 87' lang='lat' dir='ltr'><strong>divinum&#39;</strong></span> <span class='ocrx_word' id='word_1_229' title='bbox 417 3306 452 3393; x_wconf 70' lang='lat'><strong>(5</strong></span> <span class='ocrx_word' id='word_1_230' title='bbox 475 3307 539 3392; x_wconf 79' lang='lat'><strong>60).</strong></span> <span class='ocrx_word' id='word_1_231' title='bbox 600 3310 721 3375; x_wconf 89' lang='lat' dir='ltr'><strong>Deinde</strong></span> <span class='ocrx_word' id='word_1_232' title='bbox 752 3310 921 3389; x_wconf 87' lang='lat' dir='ltr'><strong>considera,</strong></span> <span class='ocrx_word' id='word_1_233' title='bbox 950 3309 1105 3391; x_wconf 90' lang='lat' dir='ltr'><strong>quomodo</strong></span> <span class='ocrx_word' id='word_1_234' title='bbox 1134 3315 1204 3376; x_wconf 84' lang='lat' dir='ltr'><strong>tota</strong></span> <span class='ocrx_word' id='word_1_235' title='bbox 1239 3329 1332 3391; x_wconf 89' lang='lat' dir='ltr'><strong>argu·</strong></span> <span class='ocrx_word' id='word_1_236' title='bbox 1388 3309 1389 3396; x_wconf 81' lang='lat' dir='ltr'>j</span> 
     </span>
     <span class='ocr_line' id='line_1_29' title="bbox 236 3409 1333 3499; baseline -0.001 -20"><span class='ocrx_word' id='word_1_237' title='bbox 236 3417 389 3482; x_wconf 86' lang='lat' dir='ltr'><strong>mentatio</strong></span> <span class='ocrx_word' id='word_1_238' title='bbox 411 3417 619 3482; x_wconf 90' lang='lat' dir='ltr'><strong>concludatur</strong></span> <span class='ocrx_word' id='word_1_239' title='bbox 640 3415 671 3498; x_wconf 69' lang='lat'><strong>(5</strong></span> <span class='ocrx_word' id='word_1_240' title='bbox 694 3417 763 3498; x_wconf 82' lang='lat'>65):</span> <span class='ocrx_word' id='word_1_241' title='bbox 791 3409 884 3499; x_wconf 90' lang='lat' dir='ltr'><strong>‘ergo</strong></span> <span class='ocrx_word' id='word_1_242' title='bbox 910 3415 1034 3480; x_wconf 89' lang='lat' dir='ltr'><strong>animus</strong></span> <span class='ocrx_word' id='word_1_243' title='bbox 1056 3416 1093 3479; x_wconf 92' lang='lat' dir='ltr'><strong>ut</strong></span> <span class='ocrx_word' id='word_1_244' title='bbox 1114 3432 1172 3496; x_wconf 88' lang='lat' dir='ltr'><strong>ego</strong></span> <span class='ocrx_word' id='word_1_245' title='bbox 1194 3413 1263 3481; x_wconf 92' lang='lat' dir='ltr'><strong>dico</strong></span> <span class='ocrx_word' id='word_1_246' title='bbox 1285 3414 1333 3478; x_wconf 89' lang='lat' dir='ltr'><strong>di·</strong></span> 
     </span>
     <span class='ocr_line' id='line_1_30' title="bbox 236 3522 1389 3608; baseline 0.001 -19"><span class='ocrx_word' id='word_1_247' title='bbox 236 3526 328 3590; x_wconf 89' lang='lat' dir='ltr'><strong>vinus</strong></span> <span class='ocrx_word' id='word_1_248' title='bbox 351 3529 408 3603; x_wconf 91' lang='lat' dir='ltr'><strong>est,</strong></span> <span class='ocrx_word' id='word_1_249' title='bbox 430 3529 467 3590; x_wconf 94' lang='lat' dir='ltr'><strong>ut</strong></span> <span class='ocrx_word' id='word_1_250' title='bbox 480 3523 645 3608; x_wconf 80' lang='lat' dir='ltr'><strong>Euripides</strong></span> <span class='ocrx_word' id='word_1_251' title='bbox 668 3524 772 3590; x_wconf 90' lang='lat' dir='ltr'><strong>dicere</strong></span> <span class='ocrx_word' id='word_1_252' title='bbox 794 3522 891 3589; x_wconf 89' lang='lat' dir='ltr'><strong>audet</strong></span> <span class='ocrx_word' id='word_1_253' title='bbox 906 3523 999 3590; x_wconf 91' lang='lat' dir='ltr'><strong>deus:</strong></span> <span class='ocrx_word' id='word_1_254' title='bbox 1023 3527 1055 3588; x_wconf 90' lang='lat' dir='ltr'><strong>et</strong></span> <span class='ocrx_word' id='word_1_255' title='bbox 1071 3523 1198 3604; x_wconf 87' lang='lat' dir='ltr'><strong>quidem</strong></span> <span class='ocrx_word' id='word_1_256' title='bbox 1214 3524 1332 3590; x_wconf 89' lang='lat' dir='ltr'><strong>sidens</strong></span> <span class='ocrx_word' id='word_1_257' title='bbox 1388 3527 1389 3535; x_wconf 76' lang='grc'>’</span> 
     </span>
     <span class='ocr_line' id='line_1_31' title="bbox 235 3613 1389 3717; baseline 0 -18"><span class='ocrx_word' id='word_1_258' title='bbox 235 3640 293 3699; x_wconf 92' lang='lat' dir='ltr'><strong>aut</strong></span> <span class='ocrx_word' id='word_1_259' title='bbox 314 3635 423 3700; x_wconf 81' lang='lat' dir='ltr'><strong>anima</strong></span> <span class='ocrx_word' id='word_1_260' title='bbox 442 3639 498 3698; x_wconf 84' lang='lat' dir='ltr'><strong>aut</strong></span> <span class='ocrx_word' id='word_1_261' title='bbox 519 3634 604 3717; x_wconf 68' lang='lat' dir='ltr'><strong>iperio</strong></span> <span class='ocrx_word' id='word_1_262' title='bbox 627 3638 687 3714; x_wconf 91' lang='lat' dir='ltr'><strong>est,</strong></span> <span class='ocrx_word' id='word_1_263' title='bbox 712 3634 794 3699; x_wconf 92' lang='lat' dir='ltr'><strong>idem</strong></span> <span class='ocrx_word' id='word_1_264' title='bbox 827 3640 876 3698; x_wconf 87' lang='lat' dir='ltr'><strong>est</strong></span> <span class='ocrx_word' id='word_1_265' title='bbox 907 3633 1032 3699; x_wconf 89' lang='lat' dir='ltr'><strong>animus</strong></span> <span class='ocrx_word' id='word_1_266' title='bbox 1062 3621 1221 3700; x_wconf 82' lang='lat' dir='ltr'><strong>hominis’.</strong></span> <span class='ocrx_word' id='word_1_267' title='bbox 1278 3633 1332 3699; x_wconf 91' lang='lat' dir='ltr'><strong>In·</strong></span> <span class='ocrx_word' id='word_1_268' title='bbox 1388 3613 1389 3624; x_wconf 10' lang='grc' dir='ltr'>ἵ</span> 
     </span>
     <span class='ocr_line' id='line_1_32' title="bbox 235 3741 1330 3824; baseline 0 -17"><span class='ocrx_word' id='word_1_269' title='bbox 235 3743 359 3824; x_wconf 86' lang='lat' dir='ltr'><strong>tellegis</strong></span> <span class='ocrx_word' id='word_1_270' title='bbox 381 3762 401 3808; x_wconf 84' lang='lat' dir='ltr'><strong>a</strong></span> <span class='ocrx_word' id='word_1_271' title='bbox 423 3742 527 3809; x_wconf 90' lang='lat' dir='ltr'><strong>Stoico</strong></span> <span class='ocrx_word' id='word_1_272' title='bbox 549 3742 686 3823; x_wconf 88' lang='lat' dir='ltr'><strong>quodam</strong></span> <span class='ocrx_word' id='word_1_273' title='bbox 709 3742 768 3808; x_wconf 91' lang='lat' dir='ltr'><strong>hoc</strong></span> <span class='ocrx_word' id='word_1_274' title='bbox 790 3741 966 3808; x_wconf 86' lang='lat' dir='ltr'><strong>divinitatis</strong></span> <span class='ocrx_word' id='word_1_275' title='bbox 986 3746 1211 3823; x_wconf 80' lang='lat' dir='ltr'><strong>argumentum</strong></span> <span class='ocrx_word' id='word_1_276' title='bbox 1247 3761 1330 3808; x_wconf 89' lang='lat' dir='ltr'><strong>sum·</strong></span> 
     </span>
     <span class='ocr_line' id='line_1_33' title="bbox 235 3851 1333 3935; baseline 0.003 -21"><span class='ocrx_word' id='word_1_277' title='bbox 235 3856 328 3932; x_wconf 90' lang='lat' dir='ltr'><strong>ptum</strong></span> <span class='ocrx_word' id='word_1_278' title='bbox 350 3867 429 3917; x_wconf 89' lang='lat' dir='ltr'><strong>ease.</strong></span> <span class='ocrx_word' id='word_1_279' title='bbox 455 3852 512 3918; x_wconf 87' lang='lat' dir='ltr'><strong>Hic</strong></span> <span class='ocrx_word' id='word_1_280' title='bbox 525 3851 631 3933; x_wconf 91' lang='lat' dir='ltr'><strong>igitur,</strong></span> <span class='ocrx_word' id='word_1_281' title='bbox 653 3856 823 3932; x_wconf 86' lang='lat' dir='ltr'><strong>postquam</strong></span> <span class='ocrx_word' id='word_1_282' title='bbox 846 3851 985 3916; x_wconf 88' lang='lat' dir='ltr'><strong>animum</strong></span> <span class='ocrx_word' id='word_1_283' title='bbox 1008 3851 1149 3916; x_wconf 91' lang='lat' dir='ltr'><strong>divinum</strong></span> <span class='ocrx_word' id='word_1_284' title='bbox 1169 3869 1239 3918; x_wconf 89' lang='lat' dir='ltr'><strong>esse</strong></span> <span class='ocrx_word' id='word_1_285' title='bbox 1261 3871 1333 3935; x_wconf 92' lang='lat' dir='ltr'><strong>pro·</strong></span> 
     </span>
     <span class='ocr_line' id='line_1_34' title="bbox 236 3960 1333 4044; baseline 0.001 -18"><span class='ocrx_word' id='word_1_286' title='bbox 236 3960 334 4042; x_wconf 85' lang='lat' dir='ltr'><strong>bavit,</strong></span> <span class='ocrx_word' id='word_1_287' title='bbox 365 3962 498 4027; x_wconf 93' lang='lat' dir='ltr'><strong>eandem</strong></span> <span class='ocrx_word' id='word_1_288' title='bbox 521 3961 616 4026; x_wconf 90' lang='lat' dir='ltr'><strong>animi</strong></span> <span class='ocrx_word' id='word_1_289' title='bbox 645 3967 741 4044; x_wconf 87' lang='lat' dir='ltr'><strong>atque</strong></span> <span class='ocrx_word' id='word_1_290' title='bbox 769 3961 817 4028; x_wconf 91' lang='lat' dir='ltr'><strong>dei</strong></span> <span class='ocrx_word' id='word_1_291' title='bbox 840 3968 1000 4041; x_wconf 92' lang='lat' dir='ltr'><strong>naturam,</strong></span> <span class='ocrx_word' id='word_1_292' title='bbox 1029 3961 1069 4027; x_wconf 92' lang='lat' dir='ltr'><strong>de</strong></span> <span class='ocrx_word' id='word_1_293' title='bbox 1095 3980 1158 4043; x_wconf 90' lang='lat' dir='ltr'><strong>qua</strong></span> <span class='ocrx_word' id='word_1_294' title='bbox 1181 3963 1243 4028; x_wconf 90' lang='lat' dir='ltr'><strong>alio</strong></span> <span class='ocrx_word' id='word_1_295' title='bbox 1265 3962 1333 4028; x_wconf 92' lang='lat' dir='ltr'><strong>loco</strong></span> 
     </span>
     <span class='ocr_line' id='line_1_35' title="bbox 235 4069 1334 4154; baseline 0 -19"><span class='ocrx_word' id='word_1_296' title='bbox 235 4075 354 4151; x_wconf 88' lang='lat' dir='ltr'><strong>egerat,</strong></span> <span class='ocrx_word' id='word_1_297' title='bbox 378 4089 447 4138; x_wconf 89' lang='lat' dir='ltr'><strong>esse</strong></span> <span class='ocrx_word' id='word_1_298' title='bbox 468 4069 602 4152; x_wconf 89' lang='lat' dir='ltr'><strong>collegit.</strong></span> <span class='ocrx_word' id='word_1_299' title='bbox 635 4070 730 4136; x_wconf 79' lang='lat' dir='ltr'><strong>Cuius</strong></span> <span class='ocrx_word' id='word_1_300' title='bbox 743 4075 849 4136; x_wconf 84' lang='lat' dir='ltr'><strong>tamen</strong></span> <span class='ocrx_word' id='word_1_301' title='bbox 867 4070 1058 4137; x_wconf 90' lang='lat' dir='ltr'><strong>sententiam</strong></span> <span class='ocrx_word' id='word_1_302' title='bbox 1077 4069 1140 4136; x_wconf 83' lang='lat' dir='ltr'><strong>ilic.</strong></span> <span class='ocrx_word' id='word_1_303' title='bbox 1154 4087 1215 4136; x_wconf 92' lang='lat' dir='ltr'><strong>non</strong></span> <span class='ocrx_word' id='word_1_304' title='bbox 1240 4071 1334 4154; x_wconf 89' lang='lat' dir='ltr'><strong>plane</strong></span> 
     </span>
     <span class='ocr_line' id='line_1_36' title="bbox 238 4179 1333 4262; baseline 0.002 -18"><span class='ocrx_word' id='word_1_305' title='bbox 238 4186 275 4245; x_wconf 93' lang='lat' dir='ltr'><strong>ut</strong></span> <span class='ocrx_word' id='word_1_306' title='bbox 296 4199 387 4246; x_wconf 87' lang='lat' dir='ltr'><strong>suam</strong></span> <span class='ocrx_word' id='word_1_307' title='bbox 409 4180 621 4262; x_wconf 86' lang='lat' dir='ltr'><strong>amplectitur.</strong></span> <span class='ocrx_word' id='word_1_308' title='bbox 677 4179 739 4246; x_wconf 87' lang='lat' dir='ltr'><strong>Sed</strong></span> <span class='ocrx_word' id='word_1_309' title='bbox 762 4181 874 4247; x_wconf 89' lang='lat' dir='ltr'><strong>iudicio</strong></span> <span class='ocrx_word' id='word_1_310' title='bbox 903 4180 1039 4248; x_wconf 92' lang='lat' dir='ltr'><strong>cohibito</strong></span> <span class='ocrx_word' id='word_1_311' title='bbox 1071 4179 1166 4247; x_wconf 89' lang='lat' dir='ltr'><strong>etiarn</strong></span> <span class='ocrx_word' id='word_1_312' title='bbox 1189 4181 1333 4262; x_wconf 87' lang='lat' dir='ltr'><strong>quintam</strong></span> 
     </span>
    </p>
   </div>
   <div class='ocr_carea' id='block_1_3' title="bbox 0 0 1425 4868">
    <p class='ocr_par' dir='ltr' id='par_1_4' title="bbox 0 0 1425 4868">
     <span class='ocr_line' id='line_1_37' title="bbox 0 0 1425 4868; baseline 0 0"><span class='ocrx_word' id='word_1_313' title='bbox 0 0 1425 4868; x_wconf 95' lang='lat' dir='ltr'><strong> </strong></span> 
     </span>
    </p>
   </div>
  </div>
 </body>
</html>
