2828 4868
635 299 676 365 33

97 486 212 549 terroe
242 481 403 563 cingulum
436 481 541 548 salone
567 480 615 545 uri
637 486 670 548 et
692 480 844 549 incultum
871 501 939 550 esse
961 483 1054 565 diost,
1076 485 1205 553 Posido·

98 591 193 656 nium
216 591 275 659 hoo
298 609 430 674 negasse
446 588 628 656 cleomedes
650 590 748 656 tradit
773 609 804 672 p.
817 592 856 656 41
881 592 958 659 Bak.
979 591 1038 678 τὴν
1053 645 1060 660 .
1076 641 1083 656 .
1099 596 1205 661 διακε-

97 701 249 765 καῦσθαι
264 697 438 783 λεγομένην
455 694 645 781 οἰκουμένην
660 696 714 761 καί
731 687 887 783 εἰίκρατον
902 691 985 767 εἶναι
1001 693 1203 794 ἀπεφήνατο.

98 808 166 876 Sed
186 826 269 889 quae
291 827 310 874 a
332 808 449 875 Oleom.
480 813 515 872 nt
544 806 702 874 Posidonii
729 810 867 876 refertur
897 813 1057 879 sententis
1078 816 1204 880 omnino

99 918 259 984 consentit
276 937 351 985 cnm
373 937 412 984 eo
435 935 531 998 quam
553 915 673 998 Polybii
696 915 794 984 fuisso
815 919 968 989 Geminus
990 922 1094 989 docet:

201 1028 316 1096 Cleon.
338 1029 355 1094 I
376 1047 407 1111 p.
422 1029 464 1093 40
486 1045 532 1110 sq.
774 1027 863 1096 Gom.
887 1029 984 1095 Uran.
1008 1051 1037 1115 p.
1052 1033 1101 1097 54.

83 1139 85 1142 ’
145 1131 377 1222 σχολαιότερον
393 1188 419 1205 ..
438 1137 519 1204 .τοῦ
536 1133 628 1222 ἡλίου
723 1131 890 1220 Πολύβιος
911 1124 1020 1206 οὖνὸ
1059 1133 1203 1224 ἱστοριο-

100 1241 629 1338 προςιὸντοςτοῖςτροπικοῖςκαί
677 1240 804 1334 γράφος
835 1242 1125 1332 πεπραγμάτευται
1154 1255 1205 1333 βι-

101 1346 362 1440 ἆποχωροῦντος
379 1355 433 1420 καί
456 1351 509 1421 διδ
530 1353 628 1422 τοῦτο
678 1347 804 1436 βλίονὸ
821 1353 1007 1444 ἐπιγραφήν
1025 1353 1092 1439 ἔχει
1109 1353 1205 1442 επερί

102 1464 163 1532 ἐπί
178 1465 281 1532 πλέον
292 1465 370 1549 περί
381 1457 504 1544 αὖτοδς
520 1464 630 1551 ἐγχρο-
677 1465 736 1553 τῆς
752 1465 829 1549 περί
844 1462 901 1531 τὸν
913 1462 1099 1552 ἰσημερινὸν
1117 1464 1206 1557 οἰκη-

101 1575 250 1658 νίζοντος
271 1575 326 1641 καὶ
348 1567 407 1641 οὐκ
433 1565 539 1643 ὄντων
559 1567 630 1641 οἰοι-
679 1571 789 1654 σε’ως’.
812 1571 892 1661 αὕτη
915 1575 950 1640 δέ
972 1574 1059 1644 ἐστιν
1074 1574 1108 1641 ἐν
1121 1576 1205 1664 μέση

100 1679 212 1776 κητων
232 1688 300 1751 τῶν
331 1679 388 1750 ὑπ’
416 1682 532 1762 αὐτοῖς
554 1679 631 1750 oddo*
679 1687 719 1773 τῇ
751 1683 983 1773 διακεκαυμένη
1021 1680 1119 1774 ζώνη
1150 1687 1205 1751 καί

103 1795 175 1861 ταῖν
202 1789 251 1860 ἐτι
280 1791 438 1878 ἐνδοτέρω
469 1845 475 1858 .
500 1844 508 1861 .
534 1846 540 1859 .
562 1784 630 1858 οἰπδ
679 1816 779 1879 φησιν
795 1790 960 1859 οἰκεῖσθαι
988 1791 1066 1872 τούς
1079 1790 1206 1874 τόπους

102 1897 233 1969 τούτων
246 1898 265 1969 ὃ
280 1897 506 1982 Ποσειδώνιος
526 1901 564 1968 τδ
582 1902 631 1968 ἐν·
680 1901 734 1966 καί
766 1893 1001 1986 εἰκρατοτέραν
1037 1901 1205 1993 ἔχειντὴν

102 2006 243 2095 δόσιμον
278 2008 387 2094 λαβών
421 2014 476 2078 καὶ
505 2013 572 2078 πᾶν
592 2009 630 2079 τδ
682 2004 808 2098 οἴκησιν
828 2014 895 2076 ταῖν
916 2012 996 2096 περὶ
1016 2009 1057 2078 τὰ
1079 2013 1214 2098 πέρατα·

102 2117 174 2188 ὑπὸ
209 2116 268 2187 τδν
307 2115 494 2208 ἰσημερινὸν
533 2121 631 2206 κλίμα
679 2124 737 2207 τῆς
758 2120 1007 2208 διακεκαυμένης
1030 2118 1132 2210 ζώνης
1156 2121 1205 2191 οἰ-

103 2221 263 2314 εἰίκρατον
293 2221 376 2295 εἶναι
402 2225 554 2312 ὑπέλαβε.
577 2230 631 2295 καί
679 2225 839 2296 κούντων·
861 2229 913 2295 καί
936 2221 957 2294 ὃ
977 2230 1037 2313 μέν
1059 2225 1205 2317 ἱστορίας

103 2339 203 2406 πέντε
217 2333 318 2423 ζώνας
329 2330 411 2404 εἶναι
425 2341 482 2425 τῆς
497 2341 554 2424 γῆς
563 2340 630 2404 τῶν
680 2338 775 2426 φέρει
819 2342 885 2403 τῶν
923 2337 1205 2408 κατωπτευκότων

104 2441 288 2533 εὐδοκίμων
303 2440 629 2536 φυσικώνοίποφηνα-
679 2442 738 2525 τοίς
760 2442 904 2533 οἰκήσεις
935 2448 990 2514 καί
1026 2450 1205 2536 ἐπιμαρτυ-

103 2559 212 2643 μένων
233 2549 332 2636 αὐτὸς
345 2555 406 2642 ’την
426 2552 483 2621 ὑπ’
499 2555 630 2622 ἐκείνων
680 2551 825 2641 ροίντων
844 2562 917 2634 τοῖς
938 2557 1157 2644 φαινομένοις,
1183 2551 1205 2624 ἃ

104 2670 340 2735 διακεκαῦσδαι
372 2664 545 2751 λεγομένην
581 2659 630 2730 οἰ·
681 2663 717 2728 δέ
733 2662 950 2749 ἐπιλογίζεται
974 2665 1030 2732 ἐπί
1061 2670 1120 2752 τῆς
1141 2691 1204 2754 φυ-

104 2777 264 2862 κουμένην
288 2775 342 2841 καί
364 2764 521 2858 εἷίκρατον
547 2765 631 2839 εἶναι
681 2778 772 2861 συκῆς
792 2775 871 2859 περί
900 2773 958 2841 τδν
986 2770 1078 2862 ἥλιον
1099 2770 1204 2861 ὑπαρ-

104 2877 308 2975 δπεηηνατο.
321 2879 426 2951 Ὅπου
438 2880 508 2968 γάρ,
520 2884 628 2970 φησίν,
680 2877 799 2968 χοίσης
811 2878 977 2970 κινήσεως.
997 2879 1031 2951 Ὁ
1041 2883 1099 2969 γὰρ
1115 2881 1205 2972 ἥλιος

106 2995 163 3062 ἐπὶ
173 2995 275 3061 πλέον
287 2996 346 3060 τοῦ
360 2988 453 3080 ἡλίου
465 2993 543 3076 περί
553 2988 632 3071 τούς
681 2991 758 3075 περὶ
779 2992 839 3076 μέν
860 2991 936 3072 τούς
954 2991 1134 3076 τροπικοίς
1149 2989 1204 3059 κί-

104 3101 285 3189 τροπικοδς
316 3101 542 3186 διατρίβοντος
572 3093 631 3168 οὐκ
681 3101 777 3179 κλους
798 3096 903 3167 πολίν
925 3101 1071 3186 ἐπιμένει
1088 3097 1204 3187 χρόνον

108 3211 196 3280 ἐστιν
217 3205 352 3299 οἰοίκητα
375 3206 415 3276 τὰ
435 3205 492 3276 ὑπ’
518 3202 630 3288 αὐτοῖς
680 3206 761 3276 κατὰ
782 3206 839 3299 τὴν
871 3207 1019 3295 πάροδον
1040 3208 1098 3300 την
1120 3208 1205 3294 πρὸς

106 3313 182 3388 οὗδέ
197 3316 239 3387 τοί
255 3317 304 3388 ἔτι
322 3315 449 3387 τούτων
461 3319 630 3405 ἐνδοτέρω,
679 3312 796 3398 αἰτοδς
820 3319 873 3386 καί
887 3315 945 3408 τὴν
955 3311 1167 3405 ἀποχώρησιν
1180 3371 1204 3387 ..

106 3433 182 3508 πῶς
206 3421 265 3496 οὐκ
291 3423 331 3494 dv
352 3426 437 3496 πολύ
467 3423 630 3494 πλέοντα
680 3425 1205 3516 ὅθενἐπιμονῆςγινομένηςπρδς

107 3533 173 3604 ὑπὸ
207 3539 254 3625 τῷ
283 3535 459 3625 ἰσημερινῷ
486 3527 630 3620 εἷίκρατα
679 3534 737 3616 τοίς
773 3533 915 3624 οἰκήσεις
957 3535 1016 3616 τὰς
1058 3537 1205 3621 κειμένας

107 3642 166 3734 εἰη,
188 3647 312 3729 ταχέως
331 3650 379 3734 τῷ
398 3643 504 3734 κύκλῳ
525 3641 631 3734 τούτῳ
681 3643 748 3713 dud
777 3642 854 3725 τούς
882 3642 1062 3730 τροπικούς
1086 3637 1205 3732 ἀνάγκη

107 3758 161 3824 καί
202 3755 399 3841 προςιόντος
438 3759 498 3821 τοῦ
538 3751 631 3843 ἡλίου
682 3754 909 3840 ἐκπυροῦσθαι
931 3751 992 3840 την
1012 3748 1136 3841 οἴκησιν
1151 3757 1204 3821 καί

107 3866 161 3932 καί
181 3860 280 3931 πάλιν
302 3859 364 3953 ἴσῳ
385 3859 477 3946 τάχει
496 3859 631 3953 ἅφιστα·
681 3856 835 3950 ἇοίκητον
871 3864 1020 3950 γίνεσθαι
1057 3859 1111 3930 διὰ
1146 3861 1205 3950 τὴν

107 3974 205 4060 μένου
227 3968 326 4040 αἰτοῦ
348 3974 401 4040 καί
423 3968 468 4062 με)
491 3972 631 4059 ἐγχρονί-
682 3975 740 4039 τοῦ
794 3969 958 4056 καύματος
1011 3968 1204 4060 ὑπερβολήν.

108 4084 219 4166 ζοντος
235 4083 313 4166 περὶ
328 4079 367 4149 τδ
385 4082 483 4166 κλίμα
497 4078 628 4168 καὶμὴν
678 4074 765 4148 Ἀπό
786 4083 823 4149 δέ
854 4085 914 4149 τοῦ
945 4079 1130 4168 ἰσημερινοῢ
1151 4078 1205 4147 κί-

107 4186 293 4275 διαπαντός,
321 4194 431 4282 φησίν,
467 4185 541 4280 ίσης
571 4193 630 4281 τῆς
678 4193 757 4258 κλου
789 4193 919 4274 ταχείας
949 4191 1118 4276 συμβαίνει
1146 4187 1205 4270 τὰς

996 4331 1011 4382 3
