2828 4868
773 352 812 417 18

242 527 336 618 Ἐμπ.
359 531 441 600 κατά
461 531 521 618 μὲν
541 527 638 612 τούς
658 528 943 618 ἁπλούστερον
957 535 1134 614 δοκοῦντας
1154 527 1253 601 αύτόν
1267 533 1335 620 ε’ξη-

236 646 371 729 μεῖσθαι
409 639 453 726 ἓξ
481 637 669 730 κριτήρια
702 645 760 728 τῆς
792 633 952 729 άληθείας
988 644 1229 730 παραδίδωσιν,
1260 646 1333 709 122:

237 741 353 819 άλλοι
375 751 411 818 δὲ
434 738 514 843 η’σαν
535 746 566 818 οἳ
589 751 735 837 λέγοντες
756 746 836 816 κατά
858 745 916 819 τάν
936 745 978 818 Ἔ.
996 748 1161 840 κριτήριον
1183 744 1267 819 εἶναι
1280 755 1336 838 τῆς

237 853 398 948 ἀληθείας
419 853 459 928 ού
480 857 538 940 τάς
551 853 725 950 αἰσθήσεις
738 851 821 925 άλλά
834 855 893 927 τὸν
913 853 1046 945 ὀρθάν
1067 857 1195 948 λόγον.
1218 862 1336 942 Quodsi

238 969 365 1038 illorum
384 971 679 1052 interpretationem
695 970 828 1054 legimus
841 950 998 1037 memores
1013 990 1122 1037 eorum
1145 990 1226 1053 quae
1240 988 1337 1053 supra

237 1097 277 1146 ex
310 1079 468 1164 Posidonii
501 1082 727 1146 commentario
761 1081 793 1145 in
826 1078 990 1145 Timaeum
1013 1081 1081 1162 (93)
1112 1079 1213 1146 allata
1235 1085 1335 1159 erant,

237 1189 432 1270 mirabimur,
455 1190 548 1270 quod,
572 1209 643 1255 cum
666 1187 758 1255 Plato
792 1187 846 1254 illo
879 1194 1066 1276 argumento
1086 1183 1126 1252 τὰ
1149 1182 1249 1271 ὅμοια
1270 1189 1337 1253 τῶν

237 1293 363 1381 ὁμοίων
384 1288 466 1363 εἶναι
495 1292 689 1382 γνωριστικὰ
712 1298 743 1362 in
755 1297 883 1364 Timaeo
904 1316 980 1364 usus
1002 1317 1072 1364 esse
1086 1298 1219 1377 dicatur,
1240 1299 1337 1364 verba

237 1410 393 1491 quaedam
417 1427 457 1473 ex
477 1425 514 1474 eo
536 1414 572 1474 ut
600 1408 699 1489 ipsius
720 1408 865 1474 Platonis
898 1406 1088 1472 exhibentur
1112 1426 1194 1489 quae
1215 1406 1337 1473 frustra

236 1517 322 1601 apud
344 1537 417 1584 eum
440 1513 663 1598 quaesiveris.'
687 1516 778 1582 Locis
800 1533 875 1582 vero
897 1517 974 1598 ipsis
995 1517 1081 1582 inter
1102 1534 1135 1583 se
1156 1515 1297 1584 collatis:

278 1655 329 1720 93.
352 1645 397 1731 ὥς
416 1647 456 1717 τά
474 1649 533 1732 μὲν
555 1651 638 1738 φῶς,
662 1650 762 1738 φησίν
855 1651 925 1716 199.
948 1645 978 1716 εί
1008 1645 1066 1734 γάρ
1090 1644 1109 1736 ἦ
1131 1649 1190 1732 μὲν
1212 1644 1334 1734 ὅρασις,

236 1756 492 1839 άΠοσειάώνιος
513 1755 571 1825 τὸν
582 1755 761 1839 Πλάτωνος
811 1758 894 1847 φησί
920 1764 973 1837 (so.
1008 1756 1026 1825 ά
1054 1754 1196 1824 Πλάτων
1224 1755 1260 1825 ἒν
1288 1759 1336 1845 τῷ

240 1871 378 1956 Τίμαιον
389 1864 611 1956 ἐξηγούμενος,
623 1865 690 1936 irai
702 1873 761 1960 τῆς
814 1866 965 1955 Τιμαίῳ),
981 1865 1094 1956 φωτὸς
1105 1860 1336 1952 ἀντιλαμβανο-

236 1981 441 2070 φωτοειάοῦς
462 1970 577 2064 άψεως
598 1980 759 2064 καταλαμ-
808 1969 1000 2062 μένηεύθύς
1013 1973 1290 2068 ἐστιφωτοειδής,
1315 1973 1334 2064 ἡ

234 2085 376 2174 βάνεται,
399 2085 419 2176 ἡ
443 2088 480 2156 δὲ
501 2084 595 2178 φωνη
617 2084 761 2178 ὑπὸτῆς
811 2086 848 2153 δὲ
878 2078 959 2176 άκοὴ
996 2079 1075 2173 άέρα
1106 2087 1337 2172 πεπληγμένον

235 2189 424 2282 άεροειδοῢς
445 2190 553 2289 άκοῆς,
579 2193 686 2276 οὕτως
706 2199 760 2264 καὶ
811 2194 965 2280 κρίνουσα
987 2191 1083 2284 [ὅπερ
1103 2195 1173 2262 ἐστὶ
1190 2193 1249 2286 τὴν
1266 2220 1335 2284 φω-

235 2303 343 2392 ἡτῶν
366 2302 450 2372 ὅλων
472 2302 570 2394 φύσις
593 2302 660 2374 ύπὸ
684 2330 759 2393 συγ·
810 2298 877 2394 νην]
892 2309 914 2386 ¹)
938 2297 1040 2384 εύθύς
1061 2298 1232 2394 άεροειδης
1248 2310 1336 2371 θεω-

235 2419 347 2500 γενοῦς
382 2408 510 2502 ὀφείλει
552 2411 758 2499 καταλαμβά-
810 2418 913 2500 ρεῖται
928 2410 1018 2504 (it-r}
1044 2416 1080 2482 δὲ
1102 2405 1264 2502 άσφρησις

235 2530 355 2591 νεσθαι
375 2528 435 2590 τοῦ
451 2521 559 2611 λόγου.
809 2524 863 2588 καὶ
884 2518 903 2612 ἦ
925 2520 1012 2613 φυχη
1043 2519 1105 2602 τάς
1138 2516 1337 2607 άσωμάτους

808 2625 897 2711 ἰδέας
925 2629 1187 2716 λαμβάνουσα..
1215 2635 1337 2720 γίνεταί

807 2765 858 2820 τις
878 2733 1064 2826 άσυίματος.

235 2837 327 2918 facile
347 2837 543 2935 intellegitur
565 2852 653 2918 Sexti
684 2858 829 2919 auctores
854 2871 915 2917 non
941 2854 981 2919 ab
1003 2853 1080 2934 ipsis
1102 2854 1255 2933 Platonis,
1278 2853 1334 2921 sed

233 2962 417 3044 interpretis
442 2963 510 3030 eius
531 2961 689 3028 Posidonii
725 2962 828 3027 verbis
848 2960 1006 3044 profectos
1029 2980 1106 3029 esse.
1166 2963 1235 3028 Iam
1260 2981 1334 3028 vero

236 3070 293 3137 hos
323 3071 420 3137 etiam
453 3072 518 3136 alia
549 3072 727 3154 protulisse,
759 3089 841 3153 quae
874 3090 971 3153 supra
1002 3073 1162 3156 leguntur,
1192 3091 1243 3138 res
1265 3073 1334 3154 ipsa

237 3182 358 3246 doceat

278 3316 329 3381 92.
353 3305 444 3382 ...oi
470 3311 506 3378 δὲ
530 3313 760 3399 Πυθαγορικοὶ
854 3316 925 3381 120.
946 3307 1099 3399 τοιαύτης
1119 3302 1250 3400 δὀίίσης
1269 3337 1334 3377 πα-

235 3415 759 3509 τὸνλάηονμένφασιν,ούκοι-
810 3416 850 3506 ρὰ
881 3424 964 3499 τοῖς
989 3420 1333 3510 λπ’ρογενεστίροις
1390 3405 1392 3494 i

235 3533 281 3598 vu*
284 3558 300 3611 ς
322 3532 367 3614 δέ,
392 3527 451 3598 τὸν
471 3530 507 3598 δὲ
528 3522 596 3596 άπὸ
619 3534 686 3597 τῶν
699 3556 758 3616 μα·
808 3526 904 3616 δόξης
933 3526 1020 3597 ἔοικε
1050 3530 1104 3596 καὶ
1133 3521 1334 3615 ὁἘμπεδο-
1391 3513 1392 3548 ³

236 3635 397 3727 θημάτιον
418 3635 675 3725 περιγινόμενον,
700 3665 758 3706 κα·
807 3639 885 3726 κλῆς
899 3634 998 3728 ταύτῃ
1013 3639 1333 3727 συμπεριφέρεσθαι,
1391 3701 1392 3706 ,

237 3747 351 3837 θάπερ
374 3747 463 3836 ἔλεγε
483 3743 570 3814 καὶὸ
590 3743 761 3833 Φιλόλαος,
810 3745 847 3829 ἕξ
875 3771 912 3813 τε
944 3740 1053 3814 ούσῶν
1073 3752 1140 3814 τῶν
1165 3747 1206 3815 τά
1225 3744 1334 3814 πάντα

236 3855 442 3947 θεωρητικόν
462 3882 498 3924 τε
517 3850 595 3923 ίίντα
613 3858 672 3935 τίς
693 3859 761 3922 τῶν
810 3858 1049 3924 συνεστακυιῶν
1083 3848 1192 3941 άρχῶν
1230 3857 1334 3943 λέγειν

236 3965 323 4036 ὅλων
344 3963 476 4058 φύσεως
498 3965 584 4049 ἔχειν
599 3961 671 4032 τινὰ
685 3987 761 4051 συγ·
809 3962 972 4050 ἰσάριθμα
1004 3961 1136 4045 ταύταις
1174 3961 1333 4050 ὑπάρχειν

337 4268 358 4337 ¹)
377 4267 507 4322 Fortasse
523 4265 669 4336 glossema.
