2828 4868
762 334 803 398 20

229 519 448 596 transeamus,
466 516 469 524 ’
486 516 518 580 in
553 532 615 596 qua
648 513 812 580 Platonica
843 512 1038 595 potissimum
1071 522 1260 596 argumenta
1289 513 1331 580 ad

228 625 501 691 immortalitatem
523 624 699 689 animorum
727 622 921 705 probandam
944 621 1158 702 proteruntur.
1204 625 1272 690 Iam
1298 625 1331 688 in

229 735 249 815 ξ
271 735 312 799 39
334 734 512 814 iterumque
535 733 564 797 in
587 732 664 814 §49
686 732 728 798 ad
751 730 950 814 Pythagorae
972 737 1004 796 ct
1025 732 1168 798 Platonis
1191 734 1331 799 auctori-

227 846 327 909 tatem
352 843 412 909 Cic.
434 845 672 924 provocaverat,
693 842 738 907 ita
761 846 797 905 ut
820 839 903 906 bunc
925 840 1009 906 illius
1032 841 1207 907 sententiae
1229 843 1333 907 ratio-

229 969 299 1016 nem
330 951 425 1017 etiam
454 951 602 1017 attulisse
632 951 759 1016 diceret.
811 949 953 1030 Apparet
983 947 1045 1016 Cic.
1082 967 1154 1014 curn
1184 948 1333 1016 Platonis

229 1060 416 1126 sententiam
435 1058 586 1125 defendat
604 1061 710 1124 omnia
726 1077 809 1140 quae
833 1058 970 1139 explicet
990 1078 1030 1124 ex
1052 1078 1111 1126 sua
1133 1059 1233 1140 ipsius
1257 1058 1332 1124 doc·

229 1169 313 1234 trina
335 1168 463 1234 haurire
491 1167 588 1233 videri
612 1168 701 1233 velle.
764 1167 823 1232 Sed
857 1168 995 1248 primum
1028 1165 1111 1247 quod
1146 1172 1217 1233 tota
1249 1169 1333 1234 haec

230 1278 372 1359 quaestio
395 1278 435 1342 ad
458 1277 658 1362 Pythagorae
675 1277 881 1359 Platonisque
903 1277 1124 1342 auctoritatem
1147 1282 1332 1358 revocatur,

229 1386 288 1452 hoc
311 1406 330 1451 a
351 1387 518 1452 Posidonio
540 1405 602 1452 non
624 1385 782 1451 obhorret.
818 1383 901 1448 Nam
928 1385 959 1448 in
986 1384 1073 1451 libris
1100 1383 1226 1466 quidem
1250 1383 1333 1467 περὶ

229 1497 352 1560 παθῶν
387 1496 501 1576 quibus
526 1494 735 1576 Chrysippum
764 1493 893 1573 eiusque
915 1498 1087 1559 sectatores
1117 1495 1332 1575 impugnabat

229 1624 319 1671 suam
342 1605 380 1670 de
404 1605 510 1669 anima
530 1598 720 1669 sententiam
746 1600 962 1685 aPythagora
976 1607 1009 1668 et
1020 1603 1155 1668 Platone
1176 1604 1332 1684 repetivit

227 1719 260 1779 et
282 1718 391 1796 aperte
412 1712 470 1778 hos
493 1718 637 1778 auctores
660 1709 819 1793 professus
844 1713 911 1777 est:
954 1709 1025 1776 Gal.
1049 1730 1078 1792 p.
1101 1712 1178 1776 401:
1202 1702 1245 1776 od
1266 1706 1330 1795 γὰρ

227 1814 456 1905 Ἀριστοτέλης
484 1814 586 1902 μόνον
618 1814 639 1907 ἢ
671 1813 813 1883 Πλάτων
837 1813 988 1901 ἐδόξαζον
1018 1815 1131 1898 οὕτως,
1166 1814 1248 1885 ἀλλὰ
1278 1816 1331 1886 ἔτι

229 1926 382 2014 πρόσθεν
404 1918 499 1994 ditor
520 1927 556 1992 τὲ
571 1952 656 2013 τινες
677 1928 731 1993 καὶ
754 1923 995 2013 ὁΠυθαγόρας,
1020 1923 1066 2006 ὡς
1085 1929 1140 1994 καὶ
1162 1924 1180 1994 ὁ
1203 1935 1331 1994 Ποσει-

228 2033 346 2116 δώνιός
375 2061 476 2126 φησιν
500 2037 623 2114 ἐκείνου
647 2033 777 2121 πρώτου
811 2037 871 2120 μὲν
905 2030 988 2104 εἶναι
1010 2036 1111 2123 λέγων
1143 2035 1181 2104 τὸ
1212 2033 1330 2124 δόγμα,

230 2142 392 2214 Πλάτωνα
415 2147 451 2212 δὲ
475 2141 778 2231 ἐξεργάσασθαι
808 2147 862 2211 καὶ
888 2143 1187 2214 κατασκευάσαι
1208 2143 1331 2212 celeui-

230 2281 328 2340 τερον
349 2251 428 2323 αὑτό
461 2256 511 2337 (ci.
535 2256 552 2338 ξ]
575 2258 629 2338 39)
654 2255 692 2322 cf.
713 2276 743 2337 p.
766 2258 837 2322 459.
881 2257 1011 2324 Accedit
1031 2259 1115 2338 quod
1139 2257 1212 2322 inl.
1235 2259 1261 2337 1,
1287 2259 1329 2322 62

229 2368 269 2432 de
290 2369 351 2432 div.
376 2367 469 2431 Plato
491 2366 636 2432 similiter
658 2367 825 2431 laudatur:
850 2364 887 2431 cf.
911 2385 982 2432 cnm
1009 2368 1026 2449 ξ
1049 2368 1090 2431 47
1113 2368 1205 2433 haec:
1226 2360 1332 2432 ‘hunc

228 2495 304 2560 ergo
329 2475 528 2556 (Epicurum)
554 2480 726 2556 antepones
750 2475 875 2540 Platoni
904 2483 935 2540 et
957 2475 1099 2541 Socrati?
1135 2476 1190 2555 qui
1216 2482 1254 2540 ut
1274 2493 1330 2539 ra-

228 2587 345 2650 tionem
367 2603 428 2649 non
451 2585 613 2664 adderent,
636 2584 829 2650 auctoritate
852 2591 958 2650 tamen
983 2584 1041 2650 hos
1064 2585 1203 2650 minutos
1223 2585 1327 2665 philo·

228 2693 343 2774 sophos
365 2681 553 2758 vincerent'.
595 2692 716 2757 Deinde
737 2693 832 2757 etiarn
854 2709 890 2756 eo
911 2692 978 2757 loco
1000 2710 1170 2758 consensus
1185 2691 1329 2758 Platonis

229 2822 299 2868 cum
309 2803 499 2886 >Pythagora
510 2799 714 2866 confirmatur
725 2818 769 2877 eo,
794 2800 877 2881 quod
887 2800 1105 2884 Pythagoricis
1121 2800 1327 2870 interdictum

229 2913 279 2993 sit,
302 2932 342 2978 ne
363 2911 438 2978 faba
462 2917 671 2978 vescerentur.
715 2910 794 2988 Quid
817 2911 915 2991 igitur
936 2910 1136 2976 verisimilius
1160 2914 1208 2976 est
1231 2928 1328 2992 quam

228 3023 324 3087 etiam
347 3022 379 3086 in
401 3021 459 3086 hac
481 3022 520 3087 de
541 3019 784 3086 immortalitate
801 3021 979 3085 animorum
994 3020 1179 3102 quaestione
1195 3020 1329 3084 Posido-

227 3131 312 3193 nium
336 3147 407 3194 cum
431 3128 491 3193 illis
519 3129 764 3210 consentientem
785 3127 883 3192 videri
907 3127 1070 3193 voluisse?
1109 3126 1139 3191 Si
1162 3145 1237 3193 vero
1263 3126 1327 3193 Cic.

228 3239 365 3302 rationes
389 3254 468 3317 quas
491 3236 583 3301 Plato
614 3236 759 3322 attulerit
785 3235 918 3300 laudans
941 3235 1139 3302 Posidonium
1162 3244 1326 3320 sequatur,
1389 3233 1390 3308 ι

228 3346 322 3410 etiam
345 3345 431 3427 ipsas
452 3363 507 3410 cas
528 3363 607 3427 quas
617 3345 764 3425 deinceps
780 3345 916 3426 explicet
935 3344 1135 3411 aPosidonio
1151 3365 1222 3411 eum
1240 3367 1326 3414 ucce-
1389 3337 1390 3360 ¹

228 3456 313 3537 pisse
323 3458 408 3518 certe
420 3453 589 3521 verisimile
603 3459 660 3519 est.
685 3489 722 3500 —
747 3453 818 3531 Qua
840 3455 879 3518 de
902 3453 1027 3537 nequid
1050 3455 1251 3523 iudicandum
1275 3461 1325 3537 sit,

228 3565 289 3629 hac
309 3562 411 3628 altera
432 3568 524 3643 parte
543 3581 674 3629 excussa
697 3567 730 3628 et
752 3563 931 3628 examinata
954 3562 1132 3629 viderimus.

327 3671 388 3737 Oic.
404 3672 588 3754 priusquam
602 3671 740 3735 rationes
751 3672 836 3752 ipsas
849 3671 941 3737 affert
962 3673 1101 3739 occurrit
1113 3675 1159 3752 iis,
1185 3677 1240 3754 qui
1258 3676 1326 3740 ani·

229 3798 313 3846 mum
336 3799 468 3861 corpore
492 3798 605 3844 vacare
632 3797 723 3860 posse
752 3785 877 3859 negent.
935 3780 1042 3863 Atque
1076 3788 1208 3864 propter
1241 3782 1324 3865 quod

228 3890 360 3972 vulgum
380 3889 624 3972 vituperaverat,
662 3888 742 3953 idern
774 3907 857 3954 nunc
879 3889 1041 3970 Epicureis
1067 3891 1242 3973 exprobrat
1273 3911 1325 3958 eos

231 4000 350 4063 animos
371 4017 428 4080 per
461 4017 494 4064 se
519 3998 613 4080 'ipsos
646 3997 779 4062 viventis
813 4016 874 4062 non
907 4016 999 4078 posse
1026 4007 1130 4065 mente
1160 4003 1324 4084 complecti
1389 4021 1390 4078 l

228 4104 278 4186 (ci.
302 4107 320 4190 ἓ
342 4106 406 4188 37).
465 4105 618 4171 Similiter
653 4107 750 4171 etiam
780 4105 819 4172 de
850 4104 979 4169 deorum
1000 4110 1117 4174 natura
1140 4110 1232 4174 Stoici
1255 4128 1326 4176 cum
1389 4117 1390 4150 r

229 4215 388 4295 Epicureis
426 4214 612 4280 rixabantur
649 4212 685 4279 cf.
709 4215 749 4278 da
773 4213 800 4277 d.
824 4215 994 4297 n.11,45;
1025 4216 1050 4295 Ι,
1073 4218 1112 4281 87
1133 4235 1179 4298 sq.
1204 4216 1325 4285 Stoicos
