2828 4868
763 253 803 316 28

232 436 290 524 τῆς
311 435 422 519 ψυχῆς
442 434 555 518 μέρεσι
574 431 656 500 κατὰ
669 444 790 520 μιμμοῦ
804 438 870 500 τῶν
884 432 1056 520 προγόνων
1077 432 1180 522 λόγον
1192 434 1246 520 (L.
1259 436 1279 500 l.
1293 434 1339 518 ο).

231 547 346 626 Itaque
379 546 463 612 nasci
499 546 622 610 animos
655 545 859 611 similitudine
889 545 1061 612 liberorum
1091 553 1123 612 et
1154 545 1342 628 parentium

232 655 429 736 potissimum
460 654 647 735 probabant,
688 653 727 721 ci.
752 653 836 723 Plut.
868 674 932 737 rep.
956 655 1000 721 St.
1023 675 1052 737 p.
1080 656 1163 721 1053
1188 655 1236 718 D:
1259 642 1343 718 αἰτο-

204 779 207 787 “
233 760 331 843 δείξει
352 770 464 852 χρῆται
488 755 624 848 (Χρύσ.)
643 764 702 829 τοῦ
724 763 885 848 γεγονέναι
910 759 969 851 τὴν
998 761 1106 850 ψυχὴν
1125 763 1185 828 καὶ
1206 784 1344 846 μεταγε-

160 860 173 903 *
233 870 386 955 νεσιέραν
415 864 496 937 εἶναι
526 867 666 956 μάλιστα
700 876 747 959 τρὶ
781 873 835 938 καὶ
866 869 924 938 τὸν
946 867 1075 956 τρόπον
1108 871 1163 936 καὶ
1188 866 1233 936 ccl
1259 856 1344 959 ἦθος

234 979 470 1064 ἐξομοιοῦσθαι
505 977 545 1046 τὰ
575 982 670 1047 τέκνα
700 986 772 1060 τοῖς
801 985 942 1066 γονεῦσι.
988 983 1107 1048 Eodem
1143 986 1344 1064 argumento

234 1089 403 1157 Cleanthes
438 1094 576 1157 animum
610 1111 724 1176 corpus
758 1111 824 1160 esse
858 1092 962 1159 effecit
984 1091 1036 1172 (ci.
1060 1093 1188 1157 Nemes.
1216 1091 1259 1155 de
1282 1093 1344 1153 nat.

234 1198 317 1264 hom.
333 1201 374 1280 II,
398 1221 426 1283 p.
440 1204 490 1266 32.
514 1199 786 1286 Terruerant).
823 1203 911 1268 Idem
934 1207 1042 1268 autem
1064 1201 1250 1266 Panaetius
1273 1215 1344 1280 pro·

234 1308 309 1373 tulit
329 1309 368 1374 cf.
390 1309 481 1376 Tusc.
497 1312 524 1390 Ι,
537 1313 591 1377 79:
611 1305 715 1378 ‘nasci
738 1313 870 1392 animos,
892 1313 975 1392 quod
998 1312 1140 1377 declaret
1162 1328 1283 1376 eorum
1307 1308 1343 1372 si·

234 1417 377 1483 militudo
400 1421 454 1498 qui
477 1426 691 1504 procreentur,
714 1439 796 1502 quae
818 1422 912 1486 etiam
936 1421 968 1487 in
991 1421 1135 1502 ingeniis,
1151 1438 1217 1485 non
1240 1417 1343 1484 solum

233 1525 263 1588 in
287 1527 467 1608 corporibus
490 1519 665 1610 adpareat?
705 1531 747 1597 Et
762 1530 953 1613 Chrysippus
973 1537 1121 1595 naturam
1144 1529 1176 1594 in
1197 1528 1341 1594 animam

234 1636 315 1701 verti
338 1637 474 1702 censuit:
496 1637 581 1703 Plut.
597 1656 663 1719 rep.
676 1638 721 1704 St.
734 1658 764 1720 p.
779 1641 859 1705 1052
873 1639 899 1704 F
920 1636 958 1704 τὸ
974 1637 1098 1726 βρέφος
1111 1637 1145 1702 ἐν
1165 1647 1209 1727 τῇ
1225 1631 1344 1722 γαστρὶ

234 1740 332 1833 φύσει
365 1745 549 1833 τρέφεσθαι
582 1745 704 1830 νομίζει
737 1742 893 1833 καθάπερ
928 1742 1047 1835 φυτόν·
1072 1743 1150 1812 ὅταν
1171 1745 1207 1812 δὲ
1232 1744 1340 1830 τεχθῇ

235 1849 442 1936 ψυχούμενον
463 1850 530 1921 ὑπὸ
550 1859 610 1922 τοῦ
632 1847 729 1941 ἇέρος
749 1858 803 1922 καὶ
822 1852 1045 1942 στομούμενον
1066 1852 1104 1922 τὸ
1127 1860 1266 1940 πνεῦμα
1288 1875 1341 1936 μι-

235 1958 478 2046 auctitabant
500 1964 668 2050 γίγνεσθαι
691 1967 788 2053 ζῷον,
804 1968 857 2049 (cf.
879 1968 918 2033 de
940 1969 1042 2049 primo
1063 1964 1134 2051 frig.
1160 1986 1192 2049 p.
1208 1967 1278 2032 946
1296 1962 1339 2044 C),

234 2067 319 2139 ὅθεν
352 2065 411 2139 οὐκ
442 2065 513 2140 αἰτὸ
546 2070 673 2158 τρόπον
707 2073 765 2166 τὴν
797 2071 905 2166 ψυχὴν
934 2067 1129 2159 ὠνομάσθαι
1157 2069 1254 2158 παρὰ
1284 2066 1340 2158 τήν

235 2176 343 2265 ψύξιν.
386 2185 499 2267 Itaque
535 2203 606 2249 cum
639 2186 780 2251 animum
814 2186 934 2251 nudum
966 2188 999 2252 ot
1029 2186 1150 2261 rudem,
1180 2183 1339 2250 facultate

235 2293 360 2372 quidem
383 2293 514 2360 rationis
535 2295 765 2378 adsequendae,
788 2297 910 2361 ratione
937 2296 1006 2377 ipsa
1028 2299 1134 2360 tamen
1157 2313 1221 2359 non
1245 2309 1336 2374 prae·

235 2402 335 2466 ditum
360 2403 444 2468 nasci
467 2404 633 2482 voluerint,
658 2404 756 2469 etiam
770 2405 901 2471 dubium
917 2403 1051 2487 videtur,
1072 2422 1154 2468 num
1170 2401 1337 2468 hominum

236 2509 330 2574 animi
354 2510 472 2576 maiore
492 2511 560 2577 iure
583 2529 752 2577 erearum
775 2513 934 2578 sententia
956 2511 1050 2576 divini
1085 2511 1237 2594 appellari
1266 2525 1336 2592 pos·

236 2617 300 2684 sint
320 2637 414 2700 qiuam
445 2620 486 2697 id,
519 2639 581 2702 quo
615 2621 738 2686 bestiae
768 2621 897 2704 plantae
928 2626 1014 2687 terra
1038 2621 1262 2687 contineantur
1284 2613 1335 2698 (cf.

235 2727 341 2793 Laert.
357 2727 425 2811 Vll,
438 2730 520 2810 139).

296 2829 298 2832 ’
336 2835 396 2902 Cic.
419 2837 458 2904 de
480 2839 541 2922 leg.
562 2839 590 2922 Ι,
605 2841 647 2903 24
670 2843 754 2904 certe
789 2854 850 2901 non
880 2838 1097 2920 antiquiorum
1118 2836 1244 2902 illorum
1269 2852 1336 2900 sen·

238 2946 372 3016 tentiam
391 2948 562 3028 expressit:
583 2943 602 3012 ‘.
620 2996 649 3013 ..
674 2948 831 3014 exstitisse
854 2948 1014 3028 quandam
1037 2947 1257 3011 maturitatem
1290 2958 1335 3006 se-

236 3056 325 3121 rendi
347 3056 470 3138 generis
493 3056 632 3139 humani,
654 3057 738 3139 quod
759 3074 906 3137 sparsum
930 3057 960 3120 in
979 3064 1085 3120 terras·
1103 3059 1199 3134 atque
1228 3059 1334 3120 satum

236 3165 340 3231 divino
360 3171 487 3229 auctum
503 3166 545 3232 sit
563 3165 745 3230 animorum
781 3184 910 3230 munere
943 3182 1115 3247 quomque
1134 3163 1198 3230 alia
1220 3163 1334 3246 quibus

236 3274 440 3340 cohaererent
460 3275 603 3342 homines
626 3294 644 3340 e
666 3275 790 3341 mortali
815 3293 931 3355 genere
953 3275 1147 3356 sumpserint
1168 3291 1249 3353 quae
1272 3272 1334 3337 fra·

236 3382 312 3462 gilio
334 3388 440 3447 essent
463 3383 642 3464 etcaduca,
664 3385 803 3450 animum
820 3402 887 3448 esse
910 3382 1128 3463 ingeneratum
1151 3401 1170 3447 a
1192 3380 1259 3446 deo.
1285 3380 1333 3444 lix

237 3509 299 3571 quo
322 3510 394 3558 vere
413 3494 462 3558 vel
484 3494 614 3578 agnatio
637 3493 723 3557 nobis
758 3513 827 3559 cum
860 3491 1046 3558 caelestibus
1079 3491 1128 3555 vel
1161 3508 1260 3570 genus
1285 3485 1333 3553 uel

237 3599 333 3681 stirps
366 3599 519 3680 appellari
553 3589 678 3681 potest.³
721 3598 831 3679 Neque
859 3596 948 3664 ded.
979 3615 1009 3660 n.
1034 3595 1076 3677 Il,
1089 3598 1141 3663 18:
1174 3592 1271 3677 ‘quin
1302 3599 1334 3662 et

237 3725 377 3773 umorem
411 3716 443 3774 et
475 3710 620 3789 calorem,
644 3708 696 3790 qui
720 3716 769 3773 est
789 3704 878 3772 lusus
901 3709 931 3771 in
956 3725 1094 3790 corpore,
1118 3711 1150 3772 et
1172 3711 1331 3773 terrenam

237 3819 338 3898 ipsum
361 3818 513 3882 viscerum
549 3818 750 3894 soliditatem,
784 3819 922 3882 animum
943 3819 1078 3896 denique
1100 3817 1280 3897 spirabilem
1306 3814 1331 3881 si

236 3926 308 4011 quis
328 3929 472 4010 quaerat,
496 3928 578 3992 uncle
600 3913 772 3993 habeamus
795 3931 950 4010 apparet.
990 3976 997 3992 .
1021 3926 1226 3991 illudentem
1249 3923 1329 4007 quod

237 4037 333 4103 vincit
355 4035 432 4102 haec
454 4036 567 4112 omnia,
596 4037 750 4101 rationem
771 4037 837 4102 dico
859 4086 886 4101 ..
910 4036 993 4102 unde
1015 4026 1240 4102 sustulimusi'
1273 4032 1330 4112 Qui

237 4146 294 4211 loci
317 4146 424 4210 tamen
447 4146 645 4210 consentiunt
675 4164 744 4211 cum
766 4138 1116 4228 §soTusa.1.:‘nam
1138 4145 1328 4227 sanguinem,
