2828 4868
609 343 650 410 35

82 545 279 609 quemquam
302 527 391 608 sequi
413 527 567 592 videatur.
611 526 767 610 Agnoscis
788 527 929 592 divinum
950 532 1104 608 nostrum,
1130 527 1185 609 qui

81 636 217 702 subtiles
248 635 506 718 pbilosophorum
542 637 772 703 controversias
800 635 929 701 minime
957 639 1062 700 curat:
1083 627 1184 716 ‘quae

82 749 135 810 est
158 745 345 812 cinctura?
379 745 509 826 propria
536 750 613 827 puto
643 748 677 810 et
704 763 772 811 sua.
815 744 876 810 Sed
904 742 954 810 fac
976 744 1111 824 igneam,
1134 740 1184 808 fac

81 855 283 938 spirabilem:
320 853 395 919 nibil
427 853 466 918 ad
499 854 531 918 id
559 855 682 937 dequo
705 844 855 935 agimus'.
900 854 987 931 Quae
1009 852 1121 920 deiude
1144 852 1183 917 de

83 965 184 1029 animi
206 970 339 1031 natura·
355 963 481 1029 disserit
514 965 714 1029 consentiunt
745 982 816 1028 cum
847 964 884 1028 iis
916 981 998 1047 quae
1029 962 1121 1029 modo
1143 981 1184 1029 ex

84 1073 214 1139 Gousol:
232 1074 387 1140 attulerat
409 1073 498 1156 (nihil
520 1073 631 1140 animis
655 1072 832 1139 admixtum
856 1091 934 1156 esse,
960 1072 1037 1138 nibil
1060 1089 1184 1138 concre-

83 1183 179 1265 tum).
224 1183 329 1266 Atque
365 1183 397 1256 in
429 1200 465 1246 eo
499 1200 624 1263 quoque
654 1182 766 1247 aPos.
799 1182 945 1248 dissentit
977 1181 1061 1262 quod
1088 1183 1185 1262 caput

83 1293 183 1357 animi
216 1291 320 1356 sedem
357 1310 425 1358 esse
462 1291 539 1357 vult.
583 1291 782 1373 Quamquam
807 1289 935 1356 Heinius
957 1293 1090 1356 annotat
1112 1290 1184 1355 Pos.

83 1401 201 1467 acriter
212 1402 426 1484 antiquiorum
438 1402 614 1467 Stoicorum
630 1400 821 1468 sententiam
839 1401 1044 1484 impugnasse
1066 1399 1184 1482 ipsum·

82 1530 147 1594 que
176 1512 314 1577 animum
348 1513 379 1576 in
411 1513 515 1593 eapite
546 1531 616 1579 esse
644 1513 804 1578 statuisse.
849 1510 977 1576 Utinam
1013 1510 1102 1575 nobis
1136 1509 1184 1574 vir

83 1620 286 1687 doctissimus
320 1621 460 1702 dixisset,
490 1623 573 1688 nude
594 1623 654 1688 boc
676 1622 785 1688 sciret!
812 1619 897 1701 quod
919 1619 1129 1685 libentissime
1152 1621 1184 1682 in

82 1735 227 1794 nostrum
254 1750 346 1798 usum
368 1733 580 1798 vertissemus.
599 1731 681 1797 ,Nos
707 1729 843 1813 legimus
864 1727 949 1810 apud
970 1727 1040 1793 Gal.
1062 1745 1093 1808 p.
1109 1728 1184 1792 501:

83 1833 102 1904 ὁ
126 1837 163 1903 δὲ
177 1831 404 1925 Ἀριστοτέλης
424 1838 528 1904 τεκαὶ
542 1831 767 1915 Ποσειδώνιος
782 1831 852 1923 εἴδη
869 1835 928 1920 μὲν
945 1830 966 1923 ἢ
980 1836 1062 1923 μέρη
1075 1838 1185 1920 ψυχῆς

84 1939 145 2014 οὐκ
166 1938 389 2031 ὀνομάζουσιν,
413 1943 565 2032 δυνάμεις
584 1945 620 2014 δὲ
635 1939 718 2013 εἶναί
738 1969 821 2035 φασι
835 1950 912 2031 μιᾶς
927 1937 1039 2024 οὐσίας
1060 1944 1100 2010 ἐκ
1116 1947 1185 2034 τῆς

83 2057 254 2142 καρδίας
275 2053 474 2144 ὃρμωμὲνης.
519 2058 599 2125 Huic
621 2063 728 2125 autem
751 2059 820 2124 loco
842 2056 904 2123 Cic.
929 2058 1069 2122 annectit
1090 2071 1185 2136 argu·

83 2175 226 2236 mentum
249 2168 329 2235 illud
343 2189 389 2242 ex
401 2167 519 2234 Pbaed.
542 2188 572 2250 p.
587 2166 660 2232 780
680 2168 864 2248 repetitum:
888 2157 919 2229 εἰ
933 2163 969 2229 δέ
982 2188 1014 2229 τι
1036 2158 1183 2249 τυγχάνει

83 2270 123 2342 bb
144 2268 326 2356 άξάνθετον
347 2271 454 2362 τούτῳ
475 2269 567 2362 μόνῳ
590 2268 747 2364 προςήκει
779 2270 823 2364 μή
851 2269 989 2355 πάσχειν
1009 2283 1110 2340 ταῦτα
1132 2270 1183 2356 (τὸ

83 2377 402 2466 διασκεδάννυσθαι).
423 2384 505 2450 Nam
528 2389 697 2467 postquam
721 2384 836 2449 statuit
857 2385 997 2448 animum
1019 2383 1097 2448 nibil
1111 2402 1184 2451 con·

82 2495 226 2560 iunctum
242 2493 369 2573 habere,
382 2493 436 2558 sed
453 2493 626 2574 simplicem
641 2491 800 2574 quandam
811 2498 959 2559 naturam
974 2511 1051 2573 esse,
1067 2495 1184 2576 pergit:

81 2595 275 2682 ‘quodcum
299 2603 343 2666 ita
368 2603 420 2683 sit,
443 2605 529 2667 certe
552 2621 609 2668 nec
630 2601 749 2668 secerni
854 2605 971 2684 potest,
994 2622 1033 2668 ne
1054 2603 1185 2669 interire

84 2711 211 2790 quidem
234 2701 359 2792 igitur².
401 2708 522 2776 Deinde
543 2712 636 2793 plura
660 2729 699 2776 ex
724 2710 928 2792 eodemlibro
943 2695 1071 2793 profert.
1095 2711 1184 2788 Quae

83 2839 148 2885 non
170 2822 263 2902 plane
286 2839 357 2887 cum
380 2819 549 2885 Phaedone
571 2839 746 2902 congruere
767 2818 858 2884 facile
879 2820 1056 2903 intelleges.
1099 2819 1182 2885 Nam

82 2930 241 3013 quaedam
264 2930 360 2997 verba
384 2930 511 3010 quidem
534 2929 699 2995 Platonica
720 2933 858 3009 servata,
881 2930 1056 2995 sententias
1076 2935 1183 2996 tamen

84 3057 251 3122 perversas
283 3040 438 3123 invenies;
470 3040 534 3105 alia
562 3041 602 3105 ad
637 3057 762 3106 sensum
793 3038 919 3119 quidem
941 3040 1073 3120 propius
1097 3059 1182 3106 acce-

84 3148 194 3214 dentia
229 3149 333 3214 verbis
369 3152 475 3214 tamen
509 3149 639 3230 paulum
676 3150 829 3228 mutatis,
867 3149 1057 3229 quibusdam
1093 3149 1183 3214 novis

84 3258 182 3325 etiam
194 3258 309 3325 additis
320 3258 376 3339 ita,
399 3264 436 3323 ut
448 3259 590 3326 Platonis
605 3261 732 3342 quidem
747 3261 956 3344 admonearis,
976 3259 1031 3327 sed
1047 3261 1184 3336 alienum

85 3368 204 3450 aliquid
225 3369 394 3435 accessisse
416 3369 544 3450 sentias,
565 3369 649 3453 qnod
672 3375 778 3435 tamen
802 3389 876 3434 num
899 3389 937 3434 ex
959 3368 1116 3436 Ciceronis
1138 3369 1185 3432 in·

84 3478 178 3558 genio
201 3475 388 3554 manaverit,
409 3477 545 3543 dubites.

184 3585 279 3651 Initio
303 3587 378 3667 §72
401 3587 484 3668 quod
505 3587 642 3669 positum
663 3593 714 3653 est
738 3605 797 3652 non
821 3592 969 3654 accurate
992 3588 1110 3653 dictum
1126 3592 1184 3653 eat.

85 3695 168 3760 Nam
201 3712 264 3759 uon
293 3695 510 3761 excedentium
546 3716 564 3762 e
597 3698 780 3778 corporibus
806 3699 982 3762 animorum
1005 3697 1084 3762 duas
1113 3695 1185 3762 illus

84 3803 154 3868 vias
175 3822 245 3870 esse
268 3802 360 3870 Plato
383 3803 492 3884 voluit,
515 3804 570 3869 sed
592 3805 726 3872 mortuis
756 3806 900 3872 omnibus
923 3807 954 3870 in
978 3806 1048 3872 Orci
1079 3807 1184 3871 locum

85 3912 243 3992 quendam
278 3918 316 3979 ut
351 3912 567 3979 iudicarentur
600 3913 738 3979 eundum
774 3933 842 3982 esse
875 3915 1007 3994 (Phaed.
1046 3917 1105 3980 107
1131 3915 1185 3997 D),

85 4021 171 4087 unde
195 4022 227 4086 in
250 4023 424 4088 contrarias
446 4028 552 4105 partes
588 4022 651 4088 illis
688 4023 909 4090 discedendum
943 4044 1013 4091 esse
1041 4024 1185 4106 (Phaedr.

87 4130 150 4196 249
163 4130 199 4210 A,
225 4129 322 4213 Gorg.
338 4133 400 4196 524
412 4133 448 4212 Α,
471 4131 537 4198 Pol.
553 4133 615 4197 614
630 4131 670 4216 O;
695 4132 791 4215 paulo
813 4133 906 4199 aliter
922 4131 1038 4199 Phaed.
1057 4132 1185 4218 1131)).

84 4237 131 4304 Et
148 4239 188 4304 de
212 4238 262 4304 bis
284 4238 410 4319 quidem
431 4239 508 4306 locis
531 4259 602 4305 cum
623 4241 702 4307 baec
722 4241 874 4308 scriberet
886 4240 947 4307 Cic.
966 4242 1124 4324 cogitasse
1139 4245 1184 4308 vi·
