2828 4868
758 221 799 286 26

231 405 384 472 auxilinm
403 411 534 489 peteret.
567 409 634 473 Iam
647 407 765 475 Seneca
787 408 913 489 quidem
935 407 1044 473 multis
1059 407 1133 472 locis
1153 406 1194 472 de
1216 406 1335 470 animis
1377 395 1378 426 *

230 517 276 580 ita
300 513 452 598 disputat,
474 521 636 597 tamquam
653 537 723 583 cum
740 536 869 599 corpore
888 535 950 582 non
965 521 1185 582 nascerentur:
1208 533 1225 580 e
1247 515 1336 582 eaelo

231 641 284 689 eos
306 623 505 692 descendisse
536 644 635 706 eoque
667 626 824 692 redituros
846 644 931 692 esse:
955 625 994 690 cf.
1019 625 1049 688 in
1073 624 1215 705 epistolis
1238 627 1292 704 29,
1305 625 1335 688 9.

232 733 281 810 65,
294 734 344 797 16.
367 735 415 811 79,
431 736 480 799 16.
503 735 553 814 92,
567 737 616 802 39.
642 737 711 812 129,
727 738 767 801 14
781 741 859 816 etc.;
881 735 913 799 in
936 751 1019 799 cons.
1034 735 1074 798 ad
1090 733 1222 814 Helussii,
1237 736 1258 799 6
1275 739 1336 798 etc.

231 841 321 919 Quod
344 843 439 908 etiam
461 843 617 909 Zellerum
647 863 710 911 non
741 842 833 926 fugit,
857 845 911 924 qui
942 844 1000 909 hos
1023 843 1108 908 locos
1130 847 1162 907 et
1184 862 1204 907 a
1226 841 1338 907 Stoica

231 950 396 1033 disciplina
429 953 599 1020 abhorrere
632 959 730 1036 negat
752 954 793 1033 (v.
815 973 844 1036 p.
862 953 932 1033 188,
950 952 1034 1032 189),
1059 957 1093 1018 et
1124 952 1165 1017 ad
1191 950 1338 1015 Platonis

232 1062 422 1126 sententiam
442 1062 572 1147 propius
591 1063 740 1130 accedere
762 1049 905 1130 concedit
928 1061 979 1142 (cl.
1004 1081 1034 1144 p.
1048 1062 1117 1141 189,
1130 1061 1217 1143 634).
1242 1059 1338 1137 Quod

231 1168 379 1234 indicium
400 1175 467 1236 tarn
489 1190 605 1255 anceps
627 1179 658 1237 et
691 1173 844 1239 incertum
878 1171 994 1237 nodum
1027 1175 1112 1237 certe
1142 1187 1205 1235 non
1228 1170 1336 1234 solvit.

231 1277 404 1344 Dissentire
435 1281 516 1346 enirn
540 1281 690 1347 Senecam
721 1288 752 1346 et
782 1284 901 1364 priores
926 1299 988 1346 una
1012 1282 1106 1346 datur
1129 1284 1162 1346 et
1185 1284 1336 1361 negatur.

230 1385 263 1451 Si
287 1404 361 1452 vero
385 1405 434 1452 res
456 1387 500 1454 ita
522 1405 555 1453 se
577 1387 704 1467 haheat,
728 1392 765 1451 ut
780 1387 850 1453 Seu.
873 1387 1003 1469 propius
1025 1387 1065 1451 ad
1090 1387 1260 1451 Platonem
1282 1404 1337 1450 ac-

230 1496 370 1574 cesserit,
403 1496 596 1575 antiquiores
619 1496 659 1560 ab
681 1515 717 1562 eo
733 1497 928 1575 recesserint,
953 1494 1107 1576 quomodo
1130 1493 1189 1560 hoc
1210 1491 1336 1560 factum

141 1645 143 1652 ·
231 1605 272 1670 sit
294 1605 509 1685 quaerendum
523 1609 596 1672 est.
639 1603 731 1671 Certe
755 1605 837 1669 enirn
860 1604 931 1670 Seu.
955 1604 1021 1685 ipse
1040 1601 1183 1668 Platonis
1207 1603 1337 1684 seriptis

231 1714 460 1796 diligentiorem
493 1733 621 1798 operam
654 1733 717 1780 non
750 1713 906 1780 adhibuit.
963 1713 1021 1791 Qui
1042 1711 1211 1803 vLucilium
1238 1730 1335 1776 suurn

232 1823 355 1906 docens,
377 1824 452 1904 qnid
473 1823 566 1890 Plato
590 1824 628 1890 de
650 1842 687 1889 eo
710 1824 792 1907 quod
814 1829 860 1888 est
880 1821 1097 1904 disputaverit,
1124 1839 1186 1885 non
1212 1839 1251 1886 ea
1280 1839 1337 1885 ex-

231 1932 327 2016 ponit,
351 1949 433 2013 quae
453 1933 519 2013 ipse
551 1950 590 1997 ex
612 1932 756 1999 Platonis
789 1933 914 2016 scriptis
935 1930 1087 2008 didicerit,
1109 1930 1165 1997 sed
1186 1948 1271 2010 quae
1294 1931 1336 1997 ab

232 2043 332 2109 amieo
356 2042 493 2122 quodam
528 2043 687 2108 audiverit
719 2042 781 2126 (ep.
794 2044 844 2125 58,
856 2042 900 2124 8).
945 2041 1055 2120 Neque
1077 2041 1104 2108 is
1129 2045 1178 2122 est
1198 2039 1250 2120 qui
1276 2044 1337 2105 aut

231 2169 290 2217 sna
318 2157 431 2233 sponte
463 2151 494 2216 in
529 2150 605 2216 haec
627 2151 772 2217 inciderit
793 2150 936 2232 antipae
957 2150 990 2215 in
1012 2150 1061 2215 his
1084 2150 1334 2231 quaestiouibus,

232 2279 314 2341 quae
349 2280 546 2327 communem
581 2277 708 2325 sensum
725 2325 727 2328 ,
744 2260 972 2326 transcendunt
1009 2258 1177 2343 quicquain
1214 2277 1336 2324 novare

232 2389 329 2437 ausus
350 2370 391 2434 sit
409 2369 459 2451 (el.
482 2389 530 2451 ep.
556 2371 625 2448 102,
638 2371 672 2433 2:
703 2363 850 2434 ‘iuvabat
881 2369 920 2434 de
943 2369 1132 2438 aeternitate
1153 2369 1334 2434 animarum

233 2497 393 2560 quaerere,
426 2481 521 2545 immo
550 2478 748 2548 mehercules
781 2480 912 2544 credere.
961 2478 1133 2545 Credebam
1166 2478 1248 2542 enirn
1282 2497 1335 2544 me

231 2588 324 2656 facile
346 2589 543 2670 opinionibus
567 2607 753 2670 magnorum
775 2587 912 2654 virorum
934 2608 1000 2654 rem
1024 2587 1235 2669 gratissimam
1256 2605 1333 2668 pro-

232 2697 427 2764 mittentium
453 2698 559 2780 magia
584 2716 679 2778 quam
704 2688 945 2780 probantium').
969 2697 1029 2775 Qui
1044 2715 1127 2778 quae
1144 2695 1335 2778 disputabat

232 2799 301 2871 aliis
323 2806 466 2886 debebat,
489 2824 680 2888 quamquam
704 2812 736 2873 et
755 2807 827 2871 hinc
849 2810 881 2871 et
905 2807 990 2873 illinc
1010 2805 1111 2872 libata
1132 2825 1194 2871 non
1213 2810 1249 2871 ut
1267 2805 1332 2870 Cic.

231 2920 403 2997 antequam
424 2917 618 2982 contexisset
638 2916 798 2993 reddebat,
816 2915 871 2982 sed
886 2916 1046 2998 perpensis
1069 2921 1102 2980 et
1124 2914 1333 2984 consideratis

232 3025 281 3091 sni
312 3025 427 3106 ingenii
461 3026 594 3090 colorem
629 3025 813 3091 obducebat.
858 3024 960 3101 Quam
983 3023 1152 3090 scribendi
1174 3025 1331 3090 rationem

232 3136 302 3216 ipse
322 3134 457 3216 perbene
488 3135 654 3217 descripsit
675 3135 705 3199 in
728 3153 776 3217 ep.
800 3135 852 3214 84,
869 3135 947 3215 5sq.
991 3135 1105 3215 Itaque
1136 3151 1330 3213 quamquam

233 3241 451 3332 difficillimum
473 3251 531 3322 est,
559 3250 665 3310 tamen
688 3242 823 3310 fortasse
852 3262 930 3310 cura
954 3248 986 3308 et
1008 3243 1171 3326 diligentia
1189 3241 1331 3308 adhibita

232 3352 333 3417 multa
359 3373 398 3418 cx
430 3354 497 3419 eius
528 3353 654 3434 scriptis
675 3354 742 3420 erui
773 3358 933 3434 poterunt,
963 3354 1078 3432 quihus
1100 3370 1182 3432 qnae
1208 3352 1331 3433 priores

195 3508 196 3516 κ
233 3462 397 3527 docuerint
418 3463 608 3529 illustretur.
652 3465 721 3529 Iam
745 3465 827 3528 inter
849 3482 901 3529 eos
920 3462 1050 3547 Stoicos,
1073 3481 1153 3544 quos
1176 3461 1247 3528 Sen,
1267 3461 1330 3527 lec·

232 3573 498 3651 titaue1·at,certe
523 3574 664 3654 inprimis
673 3573 858 3640 Posidonius
880 3572 950 3655 fuit,
974 3590 1066 3654 quem
1090 3574 1122 3638 in
1146 3591 1252 3638 corum
1272 3588 1329 3635 nu·

233 3699 319 3746 mero
342 3681 436 3761 ducit,
464 3682 517 3763 qui
553 3682 723 3763 plurimum
755 3683 971 3766 philosophiae
1002 3681 1194 3748 contulerint
1215 3683 1257 3760 (r.
1279 3699 1327 3762 ep.

233 3791 284 3870 90,
297 3791 350 3871 20)
372 3790 617 3872 clarissimisque
638 3790 750 3857 Stoicis
780 3793 811 3857 in
833 3811 933 3872 aequo
955 3792 1044 3873 ponit
1066 3789 1128 3876 (ep.
1145 3793 1194 3870 33,
1207 3793 1236 3856 4.
1260 3791 1329 3870 104,

234 3901 273 3963 22
296 3893 392 3986 Γνίνε
420 3918 489 3964 cum
514 3899 699 3983 Chrysippo,
727 3919 799 3966 curn
825 3889 1029 3987 Posidonio’l
1059 3899 1209 3982 108‚38);
1241 3899 1330 3965 cuins

232 4009 316 4074 dicta
339 4008 463 4090 singula
494 4006 587 4073 affert
613 4010 673 4091 (ep.
693 4011 742 4093 78,
754 4010 809 4088 283
832 4011 884 4090 92,
897 4011 952 4089 103
977 4010 1047 4091 113,
1059 4010 1130 4086 27);
1155 4009 1330 4075 sententiaa

232 4117 358 4186 nomine
380 4118 504 4187 adiecto
537 4119 685 4187 inlustrat
700 4118 763 4204 (ep.
776 4121 826 4202 78,
837 4120 873 4201 9;
895 4121 945 4198 99,
960 4119 1057 4202 lsqq.
1075 4119 1125 4200 94,
1139 4118 1194 4200 38;
1224 4118 1276 4199 95,
1290 4117 1329 4183 65
