2828 4868
793 329 834 394 30

362 511 406 578 At
428 511 604 578 inauditum
626 511 708 578 inter
720 510 841 577 Stoicos
863 516 921 595 est,
944 531 1016 579 cum
1027 511 1148 578 Seneca
1169 529 1280 593 corpus
1300 511 1348 578 ho·

264 623 361 704 spitio
382 621 470 687 brevi
494 622 697 701 animumque
718 621 835 704 hospiti
857 619 888 685 in
911 622 1014 688 alieno
1041 621 1200 689 habitanti
1222 623 1350 704 peregri·

263 749 366 814 noque
390 735 422 795 et
440 732 624 813 properanti
646 735 809 812 comparat
837 730 901 814 (ep.
917 732 977 796 120
1000 730 1082 812 514,
1098 732 1146 811 15,
1160 730 1214 811 18)
1237 731 1351 815 alioque

263 841 332 906 loco
353 840 446 904 deum
469 839 501 904 in
523 857 654 920 corpore
675 840 890 920 hospitantem
913 847 1006 906 vocat
1028 841 1235 922 (ep.31,11).
1257 839 1350 918 Quam

266 949 511 1016 sentententiam
546 949 676 1034 passim,
709 949 888 1015 accuratius
911 949 1006 1014 etiam
1042 950 1074 1016 in
1093 968 1142 1030 ep.
1157 950 1197 1014 41
1221 951 1351 1032 exponit:

263 1059 309 1124 ¹1.
333 1076 429 1141 prope
457 1065 506 1124 est
525 1077 551 1136 a
572 1064 604 1124 te
629 1058 717 1139 dena,
745 1065 849 1124 tecum
878 1063 935 1138 est,
971 1061 1056 1125 intus
1086 1063 1143 1124 est.
1166 1107 1196 1124 ..
1220 1061 1249 1123 2.
1272 1076 1352 1124 sacer

263 1169 347 1235 intra
379 1186 436 1234 nos
469 1168 599 1253 spiritus
627 1169 724 1246 sedet,
758 1168 915 1234 malorum
937 1168 1154 1249 bonorumque
1179 1176 1352 1234 nostrorum

263 1279 448 1344 observator
468 1284 501 1345 et
521 1283 628 1343 custos
663 1281 758 1359 prout
788 1297 807 1341 a
839 1277 931 1344 nobis
964 1282 1121 1344 tractatus
1147 1284 1206 1354 est,
1239 1277 1284 1343 ita
1303 1295 1353 1340 nos

263 1388 331 1468 ipse
352 1393 480 1454 tractat.
517 1388 545 1452 5.
568 1388 615 1454 vis
648 1387 729 1453 istuc
754 1389 862 1453 divina
884 1389 1054 1455 descendit.
1089 1389 1229 1454 animum
1260 1387 1352 1452 excel·

263 1495 388 1574 lentem,
421 1494 673 1562 moderatum..
707 1498 851 1563 caelestis
884 1498 1027 1578 potentia
1062 1498 1211 1579 agitat...
1235 1499 1353 1563 animus

262 1623 398 1688 magnus
413 1624 450 1671 ec
468 1623 617 1671 sacer...
632 1611 838 1672 conversatur
854 1605 979 1687 quidem
994 1607 1163 1686 nobiscum,
1180 1607 1236 1672 sed
1251 1609 1354 1672 haeret

262 1715 373 1796 origini
392 1704 528 1795 suae’1).
571 1715 609 1779 In
631 1714 746 1795 quibus
769 1733 869 1797 paene
897 1701 1116 1797 spoponderim
1140 1733 1212 1781 eum
1233 1716 1354 1781 Posido·

167 1867 171 1876 ·
262 1825 347 1889 nium
371 1823 472 1904 sequi:
504 1819 541 1889 of.
565 1823 636 1889 Pos.
658 1824 745 1904 apuo
774 1824 844 1890 Gal.
874 1844 905 1907 p.
920 1825 982 1890 448
1018 1819 1056 1887 τὸ
1086 1819 1125 1908 δὴ
1147 1826 1215 1889 τῶν
1236 1827 1355 1889 ποθῶν

262 1925 368 1996 αἴτιον
388 1930 538 1996 τουτέστι
558 1933 616 2020 τῆς
647 1955 684 1996 τε
717 1925 932 2016 ἅνομολογίας
964 1931 1099 1998 καὶτοῦ
1124 1931 1355 2017 κακοδαίμονος

261 2040 336 2123 βίον
356 2035 395 2105 τὸ
416 2035 461 2128 μὴ
483 2035 564 2106 κατὰ
586 2041 653 2105 πᾶν
685 2037 831 2107 ἕπεσθαι
865 2044 918 2128 τῷ
952 2040 991 2107 ἐν
1020 2039 1165 2120 αὐτοῖς
1196 2041 1354 2126 δαίμονι

262 2153 445 2235 συγγενεῖ
475 2173 517 2214 τε
541 2139 610 2214 ίίντι
633 2150 687 2216 καὶ
718 2147 778 2239 τὴν
815 2146 932 2235 ὁμοίαν
961 2146 1061 2239 φύσιν
1090 2148 1197 2234 ἔχοντι
1228 2155 1276 2240 τῷ
1303 2151 1355 2216 τόν
1389 2205 1390 2222 .

262 2254 340 2325 ὅλον
360 2255 484 2343 κόσμον
506 2259 691 2339 διοικοῦντι,
714 2263 761 2346 τῷ
777 2260 812 2326 δὲ
834 2261 956 2342 χείρονι
977 2260 1031 2327 καί
1051 2256 1175 2348 ζῳώδει
1198 2262 1283 2327 ποτὲ
1304 2285 1355 2326 ου·

262 2367 483 2446 νεκκλίνοντας
511 2366 685 2455 φέρεσθαι.
740 2370 861 2448 Quibus
884 2372 1040 2453 siguificat
1068 2371 1147 2438 duas
1170 2373 1244 2438 illas
1264 2371 1353 2437 animi

261 2483 380 2559 portes,
411 2478 450 2541 τὸ
482 2472 612 2560 λογικὸν
637 2475 690 2542 καί
720 2473 758 2542 τὸ
792 2473 995 2565 παθητικόν,
1018 2480 1102 2560 quod
1124 2483 1230 2546 elucet
1251 2499 1270 2546 e
1292 2498 1354 2544 ver·

261 2586 310 2652 bis
333 2588 425 2669 paulo
448 2594 520 2669 post
553 2586 773 2667 sequentibus:
810 2582 849 2652 τὸ
879 2583 960 2652 κατὰ
988 2587 1089 2673 μηδὲν
1118 2579 1259 2672 ἄγεσθαι
1294 2581 1354 2653 ὑπὸ

260 2696 320 2761 co*
342 2685 462 2779 ἀλόγου
484 2719 520 2760 τε
542 2695 596 2760 καί
617 2695 856 2779 κακοδαίμονος
888 2697 942 2762 καί
969 2690 1075 2764 α’θέοο
1095 2700 1153 2785 τῆς
1174 2699 1286 2784 ψυχῆς
1310 2695 1356 2781 (ci.

262 2806 358 2872 etiarn
383 2804 478 2871 Clem.
502 2805 551 2870 Al.
574 2806 596 2872 l.
617 2824 714 2888 supra
730 2811 780 2885 a).
810 2807 874 2872 Nec
894 2808 1013 2885 dubito,
1037 2808 1112 2888 quin
1133 2808 1214 2874 hano
1236 2813 1355 2874 senten-

261 2917 338 2982 tiam
370 2936 410 2982 ex
438 2916 567 2982 Timaeo
603 2918 801 3000 repetiverit:
833 2915 871 2984 of.
905 2936 934 2999 p.
947 2917 1027 2983 9οΑ
1060 2911 1098 2981 τδ
1127 2914 1163 2981 δὲ
1191 2917 1272 3000 περὶ
1303 2917 1356 2980 τοῦ

261 3022 463 3108 κυριωτάτου
493 3023 571 3107 παρ’
604 3019 682 3112 ἡμῖν
703 3028 811 3114 ψυχῆς
839 3019 948 3103 ε’ίδοος
967 3026 1175 3093 διανοεῖσθαι
1197 3024 1251 3090 δεῖ
1272 3025 1355 3115 τῇδε,

261 3127 307 3210 ὥς
327 3122 391 3216 δίρα
421 3126 501 3199 orico
533 3133 703 3217 δαίμονα
735 3131 819 3213 θεὸς
850 3129 977 3222 ἑκάστῳ
997 3134 1129 3201 δέδωκε.
1171 3135 1357 3202 Posidonius

261 3244 365 3325 igitur,
399 3261 469 3308 cum
505 3245 719 3326 antiquiorum
749 3245 925 3312 Stoicorum
959 3247 998 3311 de
1032 3247 1136 3311 animo
1168 3246 1357 3312 sententiam
1390 3301 1391 3326 1

262 3353 412 3430 mitteret,
435 3352 530 3417 etiarn
566 3353 598 3416 in
631 3372 667 3418 eo
689 3353 855 3420 Platonem
879 3360 1005 3421 secutus
1027 3360 1085 3434 est,
1113 3360 1151 3420 ut
1170 3355 1356 3419 rationalem
1390 3337 1391 3376 ¹

261 3461 357 3526 animi
379 3467 502 3542 partem
537 3460 595 3528 deo
630 3469 796 3543 cognatam
832 3464 996 3545 ipsamque
1028 3464 1165 3528 divinam
1194 3464 1356 3530 iudicaret.

261 3569 352 3647 Quod
375 3569 580 3637 confirmatur
601 3573 696 3637 etiam
719 3571 804 3637 Sexti
829 3573 864 3638 Ε.
885 3575 1021 3655 quodam
1043 3573 1122 3654 loco,
1154 3587 1250 3655 quem
1273 3570 1357 3637 Posi·

261 3679 354 3744 donio
376 3680 606 3746 vindicaverim.
650 3682 752 3749 Locus
773 3683 855 3747 enim
881 3683 935 3748 ille
966 3701 1063 3767 snpra
1094 3685 1358 3749 commemoratus

260 3788 478 3855 commentarii
501 3791 530 3854 in
556 3790 635 3856 Tim.
658 3791 752 3857 tertio
785 3790 869 3873 apud
899 3791 986 3857 Sext.
1015 3791 1099 3858 redit
1121 3791 1192 3859 adv.
1216 3791 1356 3858 Gramm.

260 3900 331 3963 303.
377 3898 477 3964 Nemo
512 3899 638 3980 putabit
673 3900 730 3965 hoc
765 3901 835 3967 loco
873 3899 1005 3968 Sextum
1042 3920 1131 3967 suam
1168 3901 1357 3967 sententiam

261 4005 411 4089 proferre,
435 4010 519 4088 quod
540 4009 660 4104 priores
683 4008 741 4075 loci
762 4013 884 4076 vetant.
927 4010 1033 4076 Verba
1055 4012 1094 4078 de
1116 4010 1229 4092 quibus
1252 4014 1359 4092 agitur

363 4259 385 4329 1)
404 4259 468 4316 Non
485 4278 566 4331 posse
584 4261 653 4316 haec
671 4262 759 4332 ipsius
779 4261 899 4318 Senecae
920 4281 979 4319 esse
996 4268 1062 4334 post
1079 4263 1201 4319 elucebit
1221 4264 1259 4321 cf.
1278 4261 1360 4333 pou.
