2828 4868
790 313 829 377 16

255 494 429 578 μέροςκαὶ
450 492 759 579 συγκατατιθέμεθα
785 486 893 579 τούτῳ
923 490 977 557 καὶ
1005 487 1054 570 εἷς
1074 493 1173 557 τοῦτο
1198 490 1351 558 συντείνει

256 599 298 668 τὰ
318 597 518 690 αἰσθητήρια
545 597 662 684 πάντα,
685 603 724 670 ct.
745 604 851 670 Laert.
879 602 949 679 VII,
977 605 1028 668 52.
1083 601 1144 669 Sed
1166 621 1277 670 sensus
1299 604 1352 667 im-

258 695 383 797 pedire,
412 713 578 794 quominus
601 731 652 780 res
677 714 781 778 acrius
810 715 1047 795 cognoscantur,
1071 715 1109 776 ut
1133 716 1203 776 turn
1229 711 1353 777 demum

257 822 391 901 animus
418 841 488 888 cum
512 823 551 888 ab
583 823 643 889 illis
674 823 755 889 liber
778 822 828 900 sit,
852 823 946 905 quale
966 823 1106 905 quidque
1128 821 1171 886 sit
1191 821 1353 904 percipiat,

257 931 317 996 hoc
338 950 414 997 sane
437 951 456 995 a
479 931 592 999 Stoicis
625 932 716 998 valde
747 932 912 1013 discrepat.
956 930 1046 997 Hanc
1068 947 1142 996 vero
1163 929 1354 996 sententiam

258 1038 320 1105 Cio.
353 1041 420 1104 sine
450 1041 546 1106 dubio
578 1039 688 1106 effecit.
732 1039 933 1121 Quamquam
955 1040 1045 1121 baec,
1077 1031 1149 1104 curn
1173 1056 1236 1102 non
1259 1037 1356 1104 verba

257 1149 395 1214 auctoris
426 1149 524 1215 latine
546 1151 702 1234 redderet,
730 1150 785 1216 sed
817 1151 919 1232 magis
944 1147 1133 1216 sententiam
1152 1148 1220 1214 eius
1246 1147 1355 1212 adum·
1386 1235 1387 1240 ρ

255 1257 349 1323 brare
362 1261 515 1342 studeret,
537 1277 594 1326 nec
605 1260 699 1342 plane
711 1278 769 1326 nec
784 1261 861 1325 scite
872 1277 1024 1340 expressa
1036 1263 1121 1324 sunt.
1154 1257 1244 1323 Utin
1267 1256 1356 1322 addi-

258 1362 399 1434 tamento
420 1368 475 1434 illo
500 1369 619 1435 inutili:
640 1363 771 1450 ‘quibus
793 1376 901 1435 tamen
925 1369 1033 1435 sentiri
1056 1367 1135 1432 nihil
1156 1371 1254 1447 queat
1268 1383 1355 1431 meus

257 1477 317 1543 nisi
340 1477 371 1543 id
393 1482 471 1560 agat
494 1484 526 1544 et
548 1469 648 1544 adsit’
677 1477 834 1545 Ciceronis
864 1479 1024 1560 ingenium
1045 1477 1189 1558 agnoscis
1212 1475 1356 1542 sudantis

258 1590 290 1651 et
310 1586 485 1653 laborantis
516 1594 553 1653 ut
586 1607 652 1653 rem
676 1588 821 1667 illustret,
845 1607 879 1652 re
901 1605 977 1652 vera
997 1585 1207 1652 obscurantis.
1234 1585 1356 1650 Deinde
1387 1653 1388 1658 ,

257 1694 337 1761 haec
360 1714 485 1780 quoque
507 1716 564 1762 nec
585 1699 750 1778 perspicue
783 1717 840 1763 nec
871 1701 1019 1763 accurate
1041 1697 1125 1762 dicta
1147 1700 1234 1760 sunt:
1254 1687 1356 1774 ‘quae
1386 1673 1388 1774 t

259 1824 423 1887 nunquam
450 1807 586 1887 quinque
616 1808 734 1872 nuntiis
760 1807 884 1872 animus
914 1811 1114 1887 cognosceret
1136 1804 1194 1870 nisi
1221 1803 1355 1867 adeum
1387 1803 1389 1898 l

259 1909 364 1978 omnia
386 1912 580 1978 reserrentur
600 1919 633 1980 et
653 1914 680 1980 is
701 1915 840 1979 omnium
863 1914 956 1979 iudex
973 1912 1064 1980 solus
1089 1903 1196 1990 csset’,
1218 1931 1290 1978 cum
1313 1912 1352 1976 di·
1388 1903 1389 1918 ²

259 2022 391 2088 cendum
412 2021 521 2089 fuerit:
553 2017 654 2106 ‘quae
686 2043 848 2105 nunquam
883 2030 1154 2103 cognoscerentur,
1188 2023 1247 2088 nisi
1276 2039 1356 2102 quae

259 2150 369 2198 sensus
401 2134 599 2216 perciperent
625 2133 664 2197 ad
689 2133 830 2223 animum
852 2122 1070 2198 referrentur'.
1114 2131 1226 2195 Animo
1249 2136 1356 2196 autem
1389 2117 1390 2148 ἶ

259 2260 279 2306 a
300 2243 443 2308 sensibus
465 2241 612 2308 distincto
635 2247 671 2307 ut
693 2242 794 2308 iudice
816 2241 853 2306 fit
871 2234 1040 2323 κριτήριον
1056 2234 1160 2322 λόγος.
1182 2241 1272 2305 Hanc
1289 2243 1357 2322 qui·
1389 2249 1390 2290 ἒ

258 2352 331 2415 dem
352 2350 542 2416 senteutiam
563 2348 720 2416 Ciceronis
743 2355 854 2415 auctor·
876 2355 1004 2416 secutus
1023 2367 1092 2416 esse
1106 2349 1239 2416 videtur.
1268 2349 1355 2428 Quae

259 2466 412 2541 quantum
437 2460 519 2525 absit
541 2459 683 2526 aStoiois
706 2465 853 2540 apparet3
877 2459 992 2540 quippe
1014 2459 1067 2541 qui
1089 2463 1122 2524 et
1143 2458 1354 2538 cognitionem

251 2575 293 2636 et
312 2568 474 2635 scientiam
500 2587 624 2635 omnem
661 2587 680 2631 a
713 2568 856 2634 sensibus
879 2568 1086 2648 repetiverint
1098 2567 1132 2646 ¹).
1176 2549 1257 2632 Nam
1281 2568 1357 2634 uisis

260 2679 420 2760 impressis
436 2676 610 2760 effictisque
632 2698 671 2744 ex
693 2679 730 2741 iis
752 2677 833 2743 unde
856 2683 971 2756 essent,
988 2677 1094 2758 qualia
1116 2695 1184 2743 esse
1203 2695 1265 2742 nou
1287 2697 1355 2760 pos·

260 2793 331 2853 sent
354 2807 393 2854 ex
415 2789 452 2852 iis
474 2789 558 2853 unde
583 2806 645 2852 non
668 2794 775 2854 essent
797 2786 873 2868 (Cic.
895 2787 949 2853 Αι.
970 2787 1012 2869 ΙΙ,
1026 2786 1079 2871 18)
1101 2788 1250 2852 assentiri
1272 2805 1357 2851 men·

260 2903 334 2975 tem,
360 2916 421 2962 non
438 2916 513 2963 vero
536 2897 678 2962 iudiccue
693 2897 872 2976 censebant,
894 2904 1002 2961 utrum
1025 2896 1093 2962 visa
1115 2915 1191 2962 vora
1212 2915 1254 2961 an
1275 2894 1358 2962 falsa

156 3090 161 3100 Ι
261 3011 376 3072 essent.
421 3007 533 3089 Itaque
554 3001 720 3093 κριτήριον
751 3007 938 3074 statuebant
959 3003 1139 3093 φαντασίαν
1159 3005 1358 3090 καταληπτι-

260 3108 330 3199 κήν.
373 3114 421 3179 De
442 3116 585 3182 sensibus
608 3123 716 3182 autem
738 3115 799 3181 Cio.
816 3115 983 3180 Lucullum
1006 3119 1150 3182 secutum
1163 3115 1356 3181 Antiochum

262 3215 299 3301 ὃς
319 3217 378 3287 τιν
399 3218 498 3289 στοὰν
519 3219 695 3309 μετνῑγαγεν
717 3219 764 3301 εἰς
785 3223 847 3309 τήν
868 3217 1085 3313 Ἀκαδήμειαν
1127 3226 1228 3307 (Sext.
1244 3223 1356 3308 Pyrrh.

261 3334 335 3418 hyp.
357 3333 381 3417 1,
393 3335 467 3413 235)
493 3333 570 3398 haec
591 3333 782 3399 iudicantem
806 3333 896 3399 lacit:
932 3335 977 3398 ita
999 3336 1087 3400 clara
1111 3352 1219 3400 eorum
1243 3335 1358 3399 iudicia

262 3447 293 3506 et
315 3447 402 3507 certa
434 3460 511 3522 esse,
544 3447 580 3508 ut
611 3443 637 3508 si
665 3444 752 3524 optio
781 3448 915 3509 naturae
937 3448 1062 3509 nostrae
1091 3444 1185 3510 detur
1206 3449 1239 3508 et
1258 3443 1299 3508 ab
1321 3459 1358 3506 ea

263 3551 339 3619 deus
361 3552 459 3632 aliqui
476 3554 618 3634 requirat
635 3557 825 3620 contentane
846 3555 888 3618 sit
909 3554 975 3620 suis
998 3553 1130 3635 integris
1153 3553 1357 3633 incorruptis·

263 3679 324 3742 que
346 3661 490 3728 sensibus
513 3680 553 3725 an
576 3662 717 3744 postulet
741 3663 852 3728 melius
873 3661 1000 3743 aliquid,
1022 3679 1056 3727 se
1077 3680 1138 3726 non
1155 3661 1260 3726 videre
1282 3660 1358 3743 quid

262 3778 396 3850 quaerat
417 3771 555 3851 amplius
575 3771 644 3852 (Ac.
666 3770 707 3850 lI,
722 3769 784 3854 19).

362 3880 477 3946 Noster
509 3886 616 3946 autem
652 3881 740 3947 locus
772 3881 900 3963 propius
933 3881 975 3945 ad
996 3881 1139 3947 Platonis
1169 3878 1356 3947 seutentiam
1390 3865 1391 3906 ³

365 4118 640 4188 ¹)cf.ze11er111²
662 4137 689 4188 p.
709 4119 744 4171 72
765 4134 824 4187 sqq.
856 4117 951 4172 Laert.
969 4117 1032 4188 VH,
1058 4119 1093 4171 49
1110 4133 1170 4186 sqq.
1199 4116 1273 4171 Sext.
1294 4115 1356 4170 adv.

262 4214 350 4270 math.
368 4214 430 4284 VII,
448 4217 597 4270 aaa-260.
617 4215 672 4270 Cic.
691 4216 741 4269 Ac.
760 4215 796 4283 Π,
818 4216 849 4267 17
868 4232 908 4284 sq.
