2828 4868
639 253 779 380 Ι12

211 498 329 580 centu.
373 502 486 581 ltaque
519 499 642 584 κρίσεις
673 499 782 585 Chrys.
805 499 1059 582 perturbationes
1085 519 1155 567 esse
1188 501 1309 566 censuit

212 610 261 688 (L.
274 611 312 676 Ι).
324 611 395 689 VII,
410 612 483 694 1113
508 610 578 676 Gal.
594 630 623 693 p.
636 612 711 681 405:
734 615 777 676 X.
799 609 859 692 μὲν
882 595 943 675 οὖν
965 607 999 675 ἒν
1020 613 1071 696 τῷ·
1089 603 1214 696 πρώτῳ
1229 610 1309 694 περὶ

211 721 336 783 παθῶν
357 709 590 783 ἀποδεικνύναι
618 720 770 800 πειρᾶσαι
798 717 921 802 κρίσεις
948 713 1038 796 τινας
1068 709 1150 783 εἶναι
1171 719 1231 784 τοῦ
1255 719 1310 785 λο-

210 830 355 912 γιστικοῦ
377 823 417 892 σὰ
440 822 536 913 πάθη
559 826 596 894 ci.
619 847 648 909 p.
661 830 731 908 336,
747 828 816 908 348,
840 828 910 907 349,
932 828 1006 910 383)
1029 832 1061 892 et
1082 827 1143 894 Cic.
1166 846 1238 894 eum
1260 849 1309 896 se·

211 941 303 1004 cutus
329 939 467 1002 omnium
501 937 773 1018 perturbationum
812 955 940 1002 causam
974 938 1006 1002 in
1038 937 1182 1018 opinione
1203 938 1311 1021 posuit

211 1044 317 1126 (Tusc.
341 1045 397 1125 ΙΙΙ,
413 1048 453 1110 23
475 1046 513 1112 cl.
542 1045 576 1113 L.
592 1046 630 1110 D.
645 1046 714 1127 Vll,
727 1047 811 1127 110),

310 1155 424 1236 Itaque
448 1174 519 1221 eum
552 1174 648 1219 unum
680 1155 793 1238 agendi
817 1155 1004 1238 principium
1035 1155 1129 1235 idque
1151 1155 1181 1220 in
1204 1161 1311 1222 mente

213 1263 308 1329 Stoici
329 1268 482 1345 ponerent
501 1283 558 1330 nec
580 1283 691 1331 sensus
716 1264 755 1329 ab
778 1263 884 1328 animo
899 1269 1106 1343 secernerent,
1125 1265 1180 1329 sed
1196 1265 1311 1330 mentis

212 1393 268 1455 per
289 1390 342 1440 eos
375 1373 579 1438 commeantis
613 1374 702 1454 quasi
736 1358 947 1439 instrumenta
980 1391 1049 1439 esse
1080 1373 1210 1454 vellent,
1240 1373 1311 1440 fieri

204 1500 275 1547 non
296 1483 410 1564 potuit,
434 1487 470 1547 ut
492 1500 606 1562 corpus
628 1484 689 1548 vim
717 1485 831 1549 mentis
845 1483 1079 1566 perturbandae
1100 1482 1217 1548 habere
1237 1500 1309 1548 cou-

213 1592 368 1658 cedcrent.
413 1591 515 1669 Quam
537 1591 725 1657 seutentiam
761 1592 854 1656 etiam
883 1590 1054 1657 Panaetius
1077 1609 1177 1672 usque
1200 1608 1236 1655 eo
1260 1608 1311 1654 se-

213 1706 304 1768 cutus
327 1706 382 1781 est,
410 1706 446 1766 ut
478 1703 583 1785 potius
615 1685 727 1781 corpus
760 1703 865 1767 animo
895 1719 990 1781 quam
1017 1701 1158 1766 animum
1180 1717 1311 1782 corpore

212 1811 393 1892 perturbari
408 1816 573 1877 statueret.
596 1812 711 1892 ltaque
726 1828 788 1874 non
805 1811 959 1876 concessit
973 1811 1114 1875 animum
1138 1828 1158 1874 a
1179 1826 1311 1890 corpore

212 1919 347 1985 liberum
370 1925 403 1985 et
425 1925 581 1986 secretum
603 1919 720 1984 morbis
741 1937 859 1998 curere,
883 1919 938 1986 sed
961 1937 1032 1983 curn
1054 1919 1086 1984 in
1115 1919 1182 2000 ipso
1204 1918 1311 1983 animo

212 2027 393 2094 morborum
425 2047 539 2095 causas
566 2034 706 2112 poneret,
740 2029 822 2094 hanc
857 2029 1010 2094 conclusit
1043 2028 1216 2094 rationem:
1238 2046 1310 2092 cum

214 2139 297 2219 quod
319 2139 448 2218 doleret,
472 2139 674 2204 interiturum
701 2144 793 2216 esset,
818 2139 915 2204 animi
938 2143 1045 2205 autem
1067 2137 1218 2222 dolerent,
1241 2137 1311 2202 ani-

213 2267 281 2315 mos
313 2250 409 2314 etium
442 2248 626 2314 interituros
658 2267 726 2316 esse
760 2248 801 2330 (v.
836 2249 944 2332 579).
997 2246 1087 2325 Quae
1119 2264 1189 2313 cum
1221 2247 1240 2329 g
1269 2246 1312 2310 44

213 2358 372 2424 conciliari
401 2376 464 2423 non
487 2376 588 2438 posse,
615 2359 669 2438 qui
692 2360 829 2424 alterum
851 2377 923 2424 cum
946 2358 1046 2424 altero
1068 2357 1137 2424 loco
1159 2355 1309 2432 conteret,

213 2467 370 2532 concedet.
413 2468 531 2550 ltaque
560 2466 747 2533 Panaetium
781 2466 939 2533 Ciceronis
972 2471 1132 2542 auctorem
1154 2483 1216 2530 non
1241 2483 1312 2530 esse

213 2577 313 2642 stabit
334 2581 366 2641 et
386 2576 600 2642 confirmatur.
623 2575 823 2656 Quamquam
845 2577 908 2641 iam
930 2576 980 2642 hic
996 2574 1164 2660 Chrysippi
1187 2579 1310 2641 senten·

214 2688 291 2752 tiam
313 2685 476 2751 deflexisse
498 2684 631 2751 videtur.
668 2686 750 2750 Nam
770 2685 809 2750 de
832 2683 882 2749 off.
905 2686 929 2762 Ι,
949 2686 1007 2750 101
1024 2683 1131 2750 Cicero
1153 2683 1311 2764 duplicem

214 2797 278 2861 vim
303 2797 476 2861 animorum
511 2795 581 2862 ess'e
609 2801 705 2878 atque
727 2813 823 2860 unam
853 2800 975 2875 partem
998 2794 1030 2859 in
1052 2795 1207 2877 appetitu,
1232 2795 1311 2860 alte-

214 2923 282 2970 ram
305 2904 336 2968 iu
361 2905 483 2969 ratione
504 2905 640 2987 positam
664 2923 730 2970 esse
753 2904 876 2970 statuit.

314 3012 374 3078 Sed
413 3020 523 3094 aperte
560 3019 670 3081 contra
704 3013 915 3098 Chrysippum
953 3014 1141 3081 Posidonius
1177 3015 1311 3081 exstitit.

216 3120 276 3198 Qui
299 3139 368 3186 cum
390 3119 512 3189 frustra
534 3140 574 3187 ex
596 3139 632 3186 eo
655 3121 863 3204 quaesivisset
885 3139 948 3202 qua
970 3141 1065 3188 causa
1083 3123 1245 3205 appetitus
1266 3124 1313 3190 ita

215 3235 417 3311 augerentur,
450 3235 486 3295 ut
518 3231 631 3296 rationi
658 3248 718 3295 non
752 3229 936 3296 oboedirent
969 3231 1012 3314 (p.
1024 3234 1086 3297 348
1108 3228 1313 3298 πυνθάνεται

214 3336 292 3418 σούς
313 3338 391 3422 περὶ
413 3330 538 3404 Xenis
560 3330 702 3423 ὀλιγάκις
723 3337 757 3404 ἐν
778 3341 818 3429 τῇ
839 3339 917 3422 περὶ
937 3342 1062 3404 παθῶν
1077 3335 1194 3407 ἑαυτοῦ
1208 3365 1314 3427 πραγ-

214 3449 331 3536 μασείᾳ
352 3449 402 3528 τίς
422 3443 441 3537 ἡ
463 3450 522 3533 τῆς
545 3443 786 3533 πλεοναζούσης
815 3443 916 3538 ὁρμῆς
937 3447 1025 3514 ἐστιν
1046 3445 1158 3534 αἰσία),
1181 3451 1248 3532 ipse
1272 3451 1314 3516 ad

215 3558 357 3624 Platonis
380 3558 571 3624 sententiam
593 3557 687 3623 rediit
712 3557 763 3638 (cf.
786 3559 898 3643 poto,
913 3560 949 3622 16
962 3549 1021 3641 sqss)
1041 3558 1090 3625 ita
1113 3559 1251 3642 quidem,
1276 3565 1314 3625 ut

216 3686 278 3733 non
299 3671 415 3748 partes,
441 3666 495 3732 sed
518 3666 687 3733 facultates
707 3670 773 3732 tres
797 3667 892 3732 animi
914 3666 1106 3732 discerneret
1116 3661 1311 3756 λογιστικὴν,

215 3776 387 3865 θυμοειδῆ,
413 3770 653 3863 ἒπιθυμητικήν
673 3775 716 3860 (p.
730 3779 792 3842 432
807 3771 845 3840 τὸ
865 3774 924 3858 μὲν
946 3771 986 3862 δὴ
1009 3773 1067 3854 τοὶς
1089 3771 1241 3860 δυνάμεις
1255 3779 1313 3863 τῆς

216 3889 323 3975 ψυχῆς
353 3890 442 3969 τρεῖς
473 3877 556 3951 εἶναι
586 3880 644 3950 τὸν
676 3877 830 3968 ἀριθμόν,
859 3875 914 3962 αἷς
945 3883 1173 3968 ἐπιθυμοῦμεν
1194 3908 1230 3950 σε
1259 3884 1313 3950 καὶ

220 3990 420 4078 θυμούμεθα
441 3985 495 4058 παὶ
515 3988 727 4077 λογιζόμεθα,
750 3993 803 4058 καὶ
818 3999 862 4060 Π.
881 3989 1058 4078 ὁμολογεῖ).
1094 3995 1158 4060 Has
1174 3996 1255 4061 duas
1277 4002 1314 4061 ut

318 4149 336 4212 ¹)
356 4146 528 4214 Quamquam
546 4146 616 4200 haec
637 4145 709 4200 falsa
737 4145 841 4201 iudicia
863 4146 957 4215 Chrys.
984 4146 1020 4200 ab
1043 4147 1186 4201 erroribus
1211 4147 1313 4202 mentis

216 4242 346 4296 distinxit
364 4241 399 4296 cf.
417 4260 444 4311 p.
464 4244 524 4312 339,
543 4243 567 4296 5.
