2828 4868
251 1113 255 1116 .
372 1029 595 1116 Sententiae
633 1037 915 1116 controversae.

148 1364 176 1427 1.
220 1361 362 1427 Platonis
384 1361 422 1424 de
444 1378 508 1443 rep.
530 1360 588 1438 ΙΙΙ,
613 1360 651 1424 19
674 1378 701 1441 p.
724 1360 786 1423 412
810 1359 836 1422 Ε
856 1359 988 1425 verbum
1008 1357 1189 1438 ,ἑπιλανθα-
1279 1363 1283 1372 ’

2 1519 3 1558 ,
219 1467 351 1553 νόμενον
372 1473 444 1552 post
466 1461 680 1548 ἐκβάλλουσιν
701 1468 871 1534 delendum
894 1473 950 1534 est.

144 1582 174 1646 2.
216 1580 338 1645 Ibidem
361 1579 430 1658 VH,
455 1580 471 1643 1
501 1597 530 1660 p.
552 1578 655 1643 5153
681 1576 823 1660 νομίζειν
855 1578 937 1659 quod
970 1577 1088 1660 legitur
1116 1582 1191 1643 ante

219 1678 388 1770 ὀνομάζειν
410 1686 576 1752 delendum
599 1691 657 1753 est.

149 1801 177 1863 3.
223 1796 303 1862 Ibid.
322 1796 392 1873 Vll,
415 1799 480 1878 2p.
496 1797 557 1862 516
573 1794 597 1861 O
616 1815 673 1879 pro
689 1819 738 1860 ων
753 1799 852 1882 σφεῖς
867 1788 981 1880 ἑώρων
993 1795 1192 1862 scribendum

219 1906 357 1972 videtur:
380 1887 425 1968 ὧν
446 1899 539 1982 σκιὰς
560 1897 656 1988 ἑώρα.

145 2016 175 2082 4.
219 2013 330 2081 Galeni
366 2014 404 2078 de
436 2013 517 2096 plau.
550 2014 643 2096 Hipp.
677 2019 709 2079 et
736 2014 821 2081 Plat.
848 2015 890 2093 H,
923 2034 954 2097 p.
978 2017 1095 2095 208‚6
1128 2016 1190 2097 (ed.

219 2126 245 2190 Ι.
268 2124 416 2201 Mueller)
438 2123 637 2189 scribendum
661 2129 727 2190 est:
754 2126 812 2202 εἱς
834 2121 994 2209 ἐνεργείας
1013 2114 1112 2208 αὐτῆς
1132 2135 1199 2206 pro¹

221 2234 322 2299 αὐτοῦ
344 2233 397 2315 (ci.
418 2253 448 2316 p.
470 2235 541 2312 209,
565 2234 583 2298 1
606 2239 639 2300 et
660 2232 703 2317 2).

146 2346 176 2411 5.
219 2343 340 2410 Ibidem
377 2362 406 2426 p.
437 2343 507 2422 276,
546 2343 586 2408 17
622 2360 681 2424 pro
717 2336 882 2421 ἅπαντας
913 2344 1112 2411 scribendum
1146 2349 1195 2410 est

218 2448 380 2529 ἅπαντες
401 2449 454 2534 (uf.
476 2452 497 2517 l.
519 2451 582 2533 13).
864 2488 866 2492 ·

146 2565 176 2630 6.
219 2561 295 2626 ibid.
315 2581 346 2644 p.
362 2561 433 2640 393,
456 2563 476 2625 3
497 2565 617 2628 temere
633 2560 753 2627 Bakius
775 2561 890 2642 (Posid.
912 2561 968 2628 rel.
990 2582 1021 2646 p.
1039 2560 1116 2647 204)
1135 2581 1191 2646 pro

219 2669 386 2737 Posidonio
410 2668 575 2753 Chrysippi
597 2688 709 2737 nomen
732 2671 846 2751 posuit.

147 2784 175 2849 7.
219 2781 266 2846 Ne
289 2781 323 2846 in
345 2779 469 2845 Horatii
490 2798 540 2861 ep.
562 2779 587 2861 Ι,
613 2781 642 2860 7,
665 2782 705 2847 30
736 2779 869 2846 Bentleii
901 2779 1043 2846 nitedula
1072 2780 1192 2862 irrepat

221 2889 403 2970 cavendum,
427 2890 574 2956 uitiosum
597 2895 704 2955 autern
726 2907 850 2955 versum
872 2907 940 2956 esse
959 2888 1191 2956 concedendurn

219 3003 278 3066 est.
322 3000 411 3065 Inest
434 2997 544 3063 vitium
568 2999 598 3062 in
622 2998 725 3065 verbis
743 2996 917 3064 ‘cumeram
942 2996 1116 3064 frumenti'.

148 3110 177 3174 8.
221 3108 377 3175 Ciceronis
398 3109 438 3174 de
454 3109 513 3175 div.
535 3109 561 3187 Ι,
584 3110 625 3173 32
646 3106 769 3190 ‘posse’
792 3110 865 3190 post
883 3105 1001 3174 ‘cotem
1023 3107 1189 3175 novacula'

221 3217 390 3283 delendum
412 3220 470 3284 est.

6 3363 8 3420 ς
149 3329 178 3394 9.
223 3328 287 3394 Cic.
310 3327 405 3392 Tuae.
428 3328 454 3409 Ι,
477 3327 517 3392 27
541 3325 637 3392 verba
656 3323 757 3407 ‘quae
779 3326 813 3392 in
834 3325 927 3392 claris
950 3325 1026 3391 viris
1048 3331 1082 3392 et
1101 3324 1191 3392 femi·

219 3436 268 3502 nis
300 3436 364 3501 dux
393 3437 426 3501 in
448 3436 570 3502 caelum
591 3436 709 3501 soleret
731 3452 809 3517 esse,
845 3436 876 3501 in
898 3435 1010 3502 ceteris
1032 3435 1119 3500 humi
1139 3454 1192 3502 re·

218 3545 373 3612 tineretur
395 3551 428 3612 et
449 3548 652 3629 permaneret
674 3544 792 3610 tamen’
816 3550 901 3611 recte
922 3545 1042 3611 tradita
1063 3550 1147 3611 sunt.

128 3656 176 3720 10.
220 3655 431 3738 Apollodorus
453 3653 667 3732 Atheniensis,
692 3654 745 3735 qui
767 3672 787 3718 a
808 3651 936 3721 Laertio
960 3653 1052 3737 Diog.
1074 3653 1145 3735 VII,
1169 3655 1188 3718 7

219 3763 251 3827 in
273 3761 340 3829 vita
353 3761 517 3847 Chrysippi
531 3768 806 3841 commemoratur,
829 3781 892 3829 non
914 3768 963 3829 est
983 3759 1116 3827 illustris
1137 3761 1190 3828 ille

221 3871 366 3937 Panaetii
400 3874 434 3936 et
455 3872 632 3939 Aristarchi
665 3871 845 3953 discipulus,
878 3878 915 3936 ut
948 3870 986 3937 G.
1009 3872 1035 3936 Ι.
1058 3871 1189 3938 Vossius

217 3977 273 4045 ‘de
294 3979 451 4049 historicis
472 3980 616 4050 Graecis’
647 4000 676 4063 p.
700 3983 759 4047 177
782 3982 831 4047 ed.
853 3979 1020 4048 Westerm.
1054 3980 1190 4066 putavit,

220 4090 275 4155 sed
292 4089 506 4174 Apollodorus
529 4085 787 4178 Κηποτύραννος
814 4089 988 4174 Epicureus
1011 4089 1063 4173 (ut.
1085 4089 1190 4157 Laert.

217 4197 437 4286 Khuffi.
