2828 4868
742 286 761 349 8

202 484 280 546 gens
302 469 359 543 est,
381 484 463 548 quae
487 484 548 530 non
571 467 668 532 etiam
692 468 717 532 si
742 467 875 548 ignoret,
908 469 1035 550 qualem
1067 467 1184 536 babere
1205 469 1299 534 deum

201 575 320 654 deceat,
344 579 450 640 tamen
471 575 650 642 babendum
673 566 771 642 sciat’.

302 681 466 749 Simillimo
496 689 603 750 autem
630 685 723 752 modo
744 687 777 750 in
797 688 873 766 §38
896 687 1025 752 remotis
1046 685 1135 752 falsis
1157 686 1197 752 de
1212 689 1300 753 statu

203 795 401 858 mortuorum
429 793 593 859 sententiis
620 794 659 859 ad
683 795 819 861 veriores
841 798 955 861 transit
981 795 1073 860 etde
1096 796 1126 860 d.
1147 814 1176 860 n.
1199 795 1242 871 ΙΙ,
1258 795 1299 858 45
1397 847 1398 850 ¹

204 896 329 984 (restat
358 909 392 967 ut
414 903 516 983 qualis
539 922 646 969 eorum
672 900 825 991 [deorum]
848 908 963 971 natura
985 905 1027 970 sit
1058 904 1299 970 consideremus,
1397 949 1398 976 ,

204 1012 241 1076 ln
264 1029 325 1091 quo
349 1009 426 1074 nihil
449 1017 498 1077 est
526 1010 682 1076 difficilius
715 1030 810 1094 quam
842 1033 862 1079 a
883 1013 1108 1080 consuetudine
1136 1013 1298 1078 oculorum
1397 1009 1398 1074 ἶ

204 1120 300 1184 aciem
324 1121 437 1186 mentis
460 1112 650 1201 abducere').

302 1229 470 1294 Rationem
486 1236 592 1294 autem
616 1248 711 1311 quam
733 1230 869 1311 adhibet,
892 1238 928 1297 ut
942 1233 1063 1298 animos
1077 1237 1149 1314 post
1163 1235 1298 1296 mortem

203 1338 243 1403 ad
266 1339 387 1404 caelum
413 1337 487 1404 ierri
508 1339 630 1421 probet,
657 1341 687 1405 in
712 1340 889 1407 Stoicorum
911 1343 1089 1408 denatura
1112 1339 1205 1405 animi
1229 1357 1299 1405 sen-

202 1449 303 1514 tentia
326 1448 394 1514 sola
417 1450 553 1530 positam
578 1468 645 1516 esse
662 1450 884 1517 intelleximus,

302 1559 468 1624 Postremo
490 1560 733 1645 animadvertas
756 1562 912 1641 quomodo
928 1559 1046 1627 Seneca
1068 1561 1099 1625 in
1122 1577 1169 1640 ep.
1193 1558 1242 1639 24,
1260 1561 1299 1624 18

202 1665 374 1748 Epicureos
389 1666 536 1732 irrideat:
557 1661 632 1732 ‘non
644 1688 713 1734 sum
729 1674 795 1736 tam
808 1671 943 1752 ineptae,
966 1675 1003 1734 ut
1018 1669 1205 1750 Epicuream
1228 1686 1299 1734 can·

202 1775 330 1840 tilenam
358 1775 507 1842 hocloco
530 1795 709 1860 persequar.
734 1782 767 1843 et
793 1781 894 1845 dicam
916 1797 1014 1844 vanos
1038 1797 1106 1844 esse
1127 1777 1299 1843 inferorum

203 1889 306 1950 metus
327 1937 334 1951 .
359 1937 365 1950 .
386 1903 477 1950 nemo
500 1890 566 1949 tam
588 1905 667 1969 puer
689 1892 748 1971 est,
772 1894 808 1953 ut
826 1886 996 1952 Cerberum
1018 1877 1149 1954 timeat’.

302 1992 363 2059 Sed
386 1995 535 2074 quoniam
560 1995 668 2076 aliquo
690 1995 782 2063 modo
804 1997 1025 2081 intelleximus,
1052 1997 1207 2079 quomodo
1235 1995 1298 2062 Cic.

201 2103 279 2168 haec
304 2103 450 2170 insnum
479 2123 568 2170 rasum
603 2108 743 2186 verterit,
764 2107 880 2171 librum
912 2107 979 2172 eius
1013 2125 1073 2170 uon
1102 2095 1299 2190 ἆπὸγραφον

202 2211 462 2279 existimabimus.
503 2215 603 2279 Immo
627 2217 653 2280 si
673 2215 765 2280 modo
780 2217 816 2281 ei
838 2217 917 2282 haec
939 2215 1145 2282 conscribenti
1171 2214 1298 2295 aliquod

202 2321 384 2385 continuum
405 2322 558 2402 scriptum
581 2320 621 2386 ad
643 2341 754 2388 manus
776 2328 854 2400 erat,
877 2325 1067 2405 argumenta
1090 2322 1163 2387 iude
1181 2323 1298 2408 raptim

202 2428 388 2512 colligendo,
411 2429 441 2494 in
464 2436 569 2495 artum
585 2431 807 2516 contrahendo,
839 2432 922 2496 male
938 2431 1148 2515 exprimendo,
1172 2449 1229 2498 suo
1245 2451 1296 2497 ar-

191 2536 294 2603 ·bitrio
327 2538 527 2618 conectendo,
565 2542 676 2622 gravia
706 2541 909 2623 neglegendo,
944 2541 1051 2623 inepta
1087 2539 1229 2606 addendo
1265 2541 1298 2606 id

202 2653 287 2714 certe
309 2655 496 2716 consecutus
517 2655 574 2734 est,
598 2652 735 2716 utillud
759 2652 791 2715 in
811 2651 861 2716 his
883 2652 937 2715 vix
960 2657 1196 2732 agnosceretur.
1231 2652 1299 2717 Ita·

202 2774 264 2837 que
283 2759 362 2822 certi
385 2758 456 2824 libri
479 2777 517 2824 ex
539 2758 587 2824 his
607 2757 794 2825 restituendi
817 2777 905 2839 spem
921 2758 1122 2840 deponemus.
1161 2759 1222 2825 Sed
1256 2760 1296 2825 ad
1363 2787 1366 2792 ·

203 2883 372 2947 quemnam
406 2866 456 2932 vel
487 2869 529 2933 ad
551 2885 702 2947 quosnam
738 2871 883 2933 auctores
916 2868 969 2932 illa
1001 2873 1189 2950 argumenta
1217 2886 1298 2949 quae
1397 2853 1398 2920 ἶ

202 2973 358 3043 aStoiois
379 2981 466 3042 certe
490 2980 617 3058 sumpta
644 2982 727 3053 sunt,
760 2976 925 3043 referenda
960 2976 1034 3058 sint,
1068 2977 1204 3043 sortasse
1231 2978 1298 3042 erui
1397 3021 1398 3050 ,

202 3090 318 3166 potest.

302 3193 371 3271 Qua
390 3195 422 3260 in
441 3199 624 3275 quaestione
641 3196 737 3261 etiam
753 3195 843 3262 nobis
866 3215 884 3259 a
901 3198 920 3276 ξ
935 3197 986 3275 42,
1002 3196 1033 3260 in
1049 3213 1112 3276 qua
1125 3195 1298 3261 Panaetius
1397 3195 1398 3204 ’

204 3309 314 3369 auctor
335 3303 475 3386 affertur,
498 3304 757 3386 proficiscendum
780 3325 847 3374 esse
870 3307 1003 3372 videtur.
1040 3304 1107 3383 Quo
1130 3305 1199 3370 loco
1217 3305 1299 3370 duae
1397 3327 1398 3332 ¹

202 3415 376 3480 sententiae
391 3415 553 3497 perspicue
567 3415 819 3496 distinguuntur:
841 3419 898 3481 aut
919 3413 1066 3497 dissipari
1085 3413 1205 3479 animos
1227 3417 1300 3494 post

202 3528 337 3588 mortem
364 3527 420 3587 aut
450 3540 645 3606 permanere.
699 3523 781 3589 Utra
812 3542 887 3591 vera
919 3523 970 3603 sit,
1004 3541 1066 3587 non
1099 3522 1297 3586 diiudicatur.

201 3632 239 3699 Id
261 3631 362 3698 solum
384 3631 584 3698 contenditur
604 3632 671 3696 sire
693 3633 770 3699 haec
793 3633 859 3700 sive
881 3633 934 3699 illa
956 3633 1062 3698 voleat
1084 3631 1203 3696 animoa
1226 3634 1299 3712 post

201 3745 335 3808 mortem
359 3742 523 3823 superiora
545 3759 717 3822 capessere.
761 3741 840 3808 Oum
862 3760 936 3808 vero
957 3741 1045 3807 illam
1066 3738 1209 3804 Panaetii
1231 3755 1298 3803 esse

202 3852 450 3932 cognoverimus,
464 3848 547 3916 hanc
557 3850 690 3933 scriptor
705 3851 772 3933 ipse
790 3857 952 3933 sequatur,
967 3849 1103 3915 fortasse
1117 3863 1221 3912 avero
1236 3863 1298 3912 non
1397 3889 1398 3904 ,

200 3960 424 4040 aberrabimus,
449 3962 474 4025 si
492 3959 575 4025 hunc
600 3961 705 4025 locum
727 3980 746 4025 a
775 3960 879 4025 Stoico
905 3959 1010 4039 aliquo
1025 3955 1170 4022 Panaetii
1192 3960 1298 4021 aetate
1397 3953 1398 4044 J

200 4069 348 4137 inferiore
383 4075 545 4151 sumptum
585 4086 654 4136 esse
680 4069 911 4149 concludemus,
947 4086 1039 4149 quem
1079 4066 1138 4133 hoc
1172 4064 1298 4145 quidem

201 4179 269 4245 loco
293 4179 323 4245 id
346 4178 446 4244 solum
462 4179 572 4264 egisse,
594 4185 630 4244 ut
652 4179 777 4246 etiamsi
793 4177 936 4244 Panaetii
959 4176 1115 4243 sententia
1140 4173 1297 4257 accipere-
