2828 4868
635 316 676 381 45

108 500 168 565 ecl.
191 502 208 567 I
229 519 258 583 p.
283 498 360 585 574)
391 502 433 583 et,
466 500 549 581 quod
581 518 640 566 suu
663 503 775 579 sponte
798 499 1003 581 intellegitur,
1033 500 1063 562 in
1086 516 1210 565 summo

87 613 145 674 et
166 609 350 675 tenuissima
373 609 440 676 eins
461 615 562 690 porte.
601 609 670 674 lam
692 608 788 674 verba
804 607 856 672 ‘ex
879 608 986 676 anima
1008 607 1096 673 tenui
1117 611 1151 672 et
1171 625 1211 672 ox

108 716 226 784 ardore
243 719 319 784 solis
337 719 526 810 temperato
550 719 731 800 diligentius
753 719 980 784 considerando
1001 722 1084 783 sunt.
1104 709 1209 780 ‘Tem-

108 817 234 908 perato'
256 846 295 894 ue
317 828 505 893 adiectivum
529 835 683 906 sumatur,
706 827 872 908 prohibere
894 826 1019 892 videtur
1044 825 1209 891 verborum

108 937 286 1004 collocatio.
312 937 408 1002 Cuius
422 935 549 1018 quidem
563 938 787 1020 collocationis,
806 943 960 1020 quantum
976 935 1049 1013 scio,
1066 935 1211 1018 exempla

109 1051 169 1112 aut
189 1047 350 1114 rarissima
381 1055 455 1114 sunt
484 1053 540 1113 out
561 1049 688 1114 omnino
709 1067 770 1114 non
793 1053 929 1114 exstant.
974 1050 1087 1129 Itaque
1119 1061 1209 1126 proe-

108 1157 226 1238 positio
242 1157 343 1224 altera
362 1156 426 1222 ‘ex‘
443 1157 575 1223 delenda
593 1159 717 1224 videtur
732 1164 765 1223 et
784 1153 988 1239 ‘temperato’
1009 1155 1210 1239 participium

109 1263 273 1330 etiamad
301 1265 533 1354 substantivum
563 1267 753 1346 praecedens
787 1262 996 1330 referendum.
1048 1262 1210 1340 Quomodo

109 1373 191 1438 haec
223 1371 360 1439 eflicitur
392 1373 563 1439 sententio:
592 1371 679 1439 ‘eine
712 1392 770 1439 aus
800 1375 887 1439 einer
909 1372 1078 1456 Misclmng
1113 1371 1212 1437 leiner

108 1481 187 1547 Luft
211 1483 274 1548 und
296 1481 514 1564 Sonnenglulh
535 1482 834 1565 hervorgegangene
855 1481 1068 1548 lortlaufende
1087 1479 1211 1563 feurige

110 1589 341 1674 Verbindung'.
386 1590 475 1668 Quae
495 1593 653 1656 sententia
675 1591 845 1672 respondet
870 1592 1104 1658 definitionibus
1126 1590 1211 1656 orbis

109 1699 215 1779 lactei,
233 1717 315 1780 quae
338 1699 421 1766 duae
441 1700 599 1767 Posidonii
614 1703 759 1766 servatae
782 1706 868 1766 sunt:
895 1699 980 1766 Stob.
993 1699 1077 1765 ecl.l
1096 1719 1126 1782 p.
1140 1700 1210 1778 576,

109 1806 196 1871 Plur.
213 1807 366 1891 pipin,
386 1810 417 1875 1:
441 1803 570 1892 πυρὸς
591 1802 777 1875 σύστασιν
798 1799 920 1892 ἄστρου
941 1805 1002 1891 μὲν
1022 1805 1211 1892 μανωτέραν

108 1905 210 2000 αὐγῆς
232 1914 267 1982 δὲ
286 1916 499 2001 πυκνοτέραν,
523 1918 661 1984 Macrob.
684 1919 844 1983 commin
865 1916 1009 1998 Somni,
1027 1919 1075 1999 15,
1094 1922 1111 1980 7
1133 1916 1211 1982 ‘lac-.

108 2031 198 2092 teum
213 2027 331 2093 caloris
342 2047 412 2094 esse
422 2028 534 2095 siderei
550 2028 760 2093 inlusionem'.
785 2028 906 2093 Ardone
924 2028 1007 2093 enim
1019 2029 1095 2094 solis
1107 2025 1211 2093 inluso

108 2139 233 2200 tractus
256 2136 309 2200 ille
340 2136 451 2218 igneus
477 2136 579 2203 lactus
601 2143 657 2214 est,
694 2141 731 2202 ut
757 2134 893 2217 quodam
926 2136 1018 2201 modo
1050 2138 1140 2219 ignes
1173 2153 1211 2200 ex

109 2241 219 2306 anime
235 2249 268 2307 et
289 2242 402 2308 ardore
424 2243 498 2308 solis
519 2243 617 2309 iuncti
631 2243 689 2308 dici
706 2243 836 2324 possint.
867 2243 961 2325 ignes
978 2247 1070 2326 enim,
1087 2233 1210 2326 ¹quibus

109 2351 166 2414 illa
188 2351 267 2416 caeli
293 2351 386 2430 plage
410 2349 614 2432 significatur,
653 2357 727 2415 aere
758 2368 828 2416 cum
862 2351 937 2416 solis
971 2351 1084 2418 ardore
1106 2352 1210 2418 iuncto

109 2456 173 2524 orti
195 2461 279 2524 sunt.
316 2455 381 2522 Nec
404 2459 498 2522 aliter
520 2455 665 2536 eflicitur,
689 2463 724 2521 ut
746 2457 869 2525 animus
892 2459 941 2525 sui
966 2459 1099 2526 similem
1120 2467 1212 2527 natu·

108 2589 183 2636 ram
204 2568 375 2651 contingat.
422 2568 505 2634 Nam
535 2569 620 2634 neris
653 2586 778 2635 summo
810 2588 884 2651 pars
916 2589 1108 2652 quamquam
1139 2573 1212 2638 cali-

108 2679 242 2745 dissima
262 2683 295 2744 et
317 2679 503 2744 tenuissima
525 2683 574 2744 est
595 2677 679 2757 (Son.
702 2678 740 2745 N.
767 2676 802 2755 Q.
824 2679 865 2758 ΙΙ,
888 2699 913 2746 s.
937 2679 980 2763 2),
1007 2685 1113 2746 tamen
1137 2684 1209 2764 igne

109 2788 233 2856 sidereo
255 2795 352 2872 caret,
373 2788 493 2854 lacteos
524 2791 633 2853 autem
665 2788 749 2854 orbis
781 2792 814 2854 et
839 2789 922 2853 hunc
946 2788 1052 2856 habet.
1094 2789 1209 2872 Itaque

108 2899 206 2965 huius
229 2903 345 2963 notura
368 2897 463 2962 animi
486 2898 597 2963 similis
620 2903 676 2964 est.

210 3005 289 3072 Cum
312 3006 361 3071 his
392 3006 468 3071 locis
490 3004 695 3072 conferendus
725 3014 773 3074 est
795 3007 881 3074 Sext.
904 3008 993 3091 Emp.
1017 3008 1087 3074 adv.
1111 3010 1210 3075 math.

109 3115 167 3195 IX,
191 3117 228 3181 71
255 3132 310 3195 ες,
346 3114 399 3194 qui
433 3115 519 3180 locus
548 3118 581 3179 et
614 3115 682 3183 illos
705 3117 846 3184 illustrat
876 3123 910 3183 et
941 3119 1008 3199 ipse
1030 3117 1070 3183 ab
1091 3119 1129 3186 iis
1154 3120 1210 3184 ali·

109 3225 188 3306 quid
209 3224 289 3290 lucis
310 3223 435 3305 accipit.

275 3331 361 3398 Sext.
385 3331 476 3414 Emp.
842 3335 934 3402 Tusc.
958 3337 983 3417 1,
1005 3340 1056 3404 42.

153 3441 208 3507 καὶ
239 3436 298 3526 γὰρ
331 3432 407 3506 οὐδὲ
439 3436 497 3520 τὰς
529 3437 638 3527 ψυχας
730 3445 853 3511 unimus
878 3499 884 3513 .
908 3495 915 3511 .
943 3465 981 3512 ex
1014 3446 1211 3514 inflammata

110 3544 527 3639 ἔνεοτινὺντονοῆσαικάτω
536 3575 636 3637 φερο-
686 3554 792 3619 anima
832 3560 956 3622 constal
990 3608 996 3622 .
1029 3607 1036 3622 .
1065 3608 1073 3623 .
1104 3607 1112 3623 .
1143 3559 1210 3625 sive

107 3660 222 3755 μένας·
236 3661 452 3743 λεπτομερεῖς
466 3658 524 3744 γὰρ
542 3647 635 3726 οὖσαι
685 3671 872 3746 permanent
890 3712 921 3729 ..
943 3684 1069 3732 necesse
1097 3673 1146 3734 est
1165 3665 1208 3732 fe·

108 3769 166 3835 καὶ
203 3759 262 3851 οὔχ
291 3753 388 3854 ἦττον
420 3763 587 3853 πυρώδεις
616 3764 636 3858 ἢ
684 3777 797 3837 rantur
819 3773 858 3837 ad
879 3776 1010 3840 caelum.
1130 3815 1133 3822 ι

108 3872 356 3962 πνευματώδεις
393 3873 441 3955 εἰς
471 3874 549 3956 τούς
568 3868 636 3942 ἅνω
728 3882 839 3947 Achill.
855 3883 926 3949 Tul.
938 3885 1016 3966 isag.
1038 3886 1077 3951 13
1097 3882 1210 3969 (Uran.

108 3988 238 4076 μᾶλλον
288 3981 413 4066 τόπους
465 4011 637 4076 κουφοφο-
685 4009 716 4072 p.
750 3993 809 4057 133
841 3991 872 4072 e)
909 3988 1134 4072 Ποσειδώνιος
1173 3993 1210 4060 δὲ

109 4101 234 4183 ροῦσιν.
265 4096 319 4161 καὶ
356 4098 434 4162 καθ’
471 4093 570 4177 αὑτὰς
603 4097 639 4164 δὲ
686 4091 816 4184 ἀγνοεῖν
849 4096 927 4180 τούς
969 4093 1211 4185 Ἐπικουρείους

108 4204 300 4289 διαμένουσι
325 4205 378 4271 καὶ
400 4197 460 4287 οὐχ
471 4201 517 4284 ὦς
529 4203 638 4293 ἔλεγεν
689 4203 764 4295 ἔφη,
788 4203 833 4287 ὠς
855 4200 930 4276 οὔτε
954 4211 1086 4293 (Bakius
1103 4202 1142 4278 οὗ
1155 4207 1209 4297 τὰ)
