2828 4868
618 311 659 376 47

82 493 208 581 γεοθαί
228 518 328 583 φησιν
350 490 397 574 εἷς
418 489 476 561 τὸν
496 493 657 578 γαλαξίαν.
711 494 801 572 Quod
837 492 1035 562 referendum
1065 499 1115 562 est
1141 495 1183 562 ad

1 637 2 642 ν
81 605 197 690 Odyss.
218 604 332 690 XXIV,
357 606 410 670 12:
780 679 781 682 Ἴ

182 704 240 800 ἠδὲ
260 713 338 798 παρ’
359 703 504 780 Ἠελίοιο
531 707 638 790 πύλας
660 711 715 777 καὶ
736 712 840 799 δῆμον
861 701 1008 798 Ὀνείρων

183 813 294 908 ἤϊσαν·
316 814 404 908 αἶψα
425 823 455 888 d'
476 822 587 888 ἵκοντο
609 824 678 887 κατ’
701 813 887 909 ἀσφοδελὸν
908 805 1060 909 λειμῶνα,

185 928 271 998 ἔνθα
292 955 327 997 τε
350 931 478 999 ναίουσι
498 931 603 1020 ψυχαὶ
624 925 744 998 εἴδωλα
766 926 946 1015 καμόντων.

183 1043 252 1110 Hoc
274 1043 372 1125 igitur
392 1047 520 1124 pratum
544 1043 575 1106 in
596 1042 700 1109 lacteo
721 1043 797 1108 orbe
820 1043 879 1109 sibi
901 1041 1102 1126 Pythagorici
1125 1044 1183 1109 fin·

82 1158 208 1218 xerunt.
240 1152 358 1230 Quibus
378 1152 559 1218 illustratur
576 1153 678 1219 etiam
700 1151 784 1217 Plut.
806 1152 845 1217 de
865 1151 943 1218 faeie
965 1152 996 1217 in
1019 1153 1094 1218 orbe
1115 1154 1183 1220 lun.

82 1283 113 1347 p.
137 1263 199 1328 943
214 1244 259 1342 Ὀ,
290 1262 343 1343 qui
367 1262 487 1327 animos
509 1262 679 1343 proborum
702 1268 825 1326 eertum
859 1261 1017 1340 quoddam
1055 1266 1182 1344 tempus

83 1374 201 1440 morari
235 1369 270 1436 ἒν
291 1372 339 1456 τῷ
359 1364 540 1456 πραοτάτῳ
562 1377 621 1435 τοῦ
642 1360 746 1453 ι’ἑρος,
772 1359 811 1434 ὃν
832 1368 1003 1452 λειμῶνας.
1018 1365 1181 1458 ᾅδοντα·

84 1482 179 1548 lobea
209 1480 361 1562 disputat.
409 1479 575 1547 Studuisse
603 1483 710 1545 autem
731 1479 934 1546 Posidonium
954 1480 1183 1564 Pythagoricae

80 1591 248 1672 doetrinae
273 1590 439 1655 edocemur
462 1609 482 1654 a
505 1587 625 1656 Gelono
649 1587 701 1671 (el.
724 1588 743 1652 l.
760 1607 786 1654 e.
802 1607 831 1670 p.
853 1589 925 1668 401,
948 1590 1034 1670 459).
1064 1626 1067 1631 ,

184 1699 243 1765 His
258 1698 298 1762 ad
313 1697 406 1764 finem
418 1696 578 1780 perductis
600 1717 696 1763 unum
720 1701 829 1776 restat,
859 1698 944 1779 quod
965 1717 1026 1766 non
1041 1704 1181 1781 praeter·

84 1810 272 1878 mittendum
304 1809 438 1874 videtur.
482 1808 600 1873 Eodem
638 1825 719 1871 anno
752 1824 814 1887 quo
840 1807 936 1873 libros
957 1808 997 1873 de
1023 1810 1184 1890 republica

85 1921 211 2002 scripsit
244 1919 306 1985 Cie.
338 1917 512 1982 orationem
542 1916 749 1982 Seuerianam
783 1915 842 1982 hoc
874 1918 942 1982 loco
966 1921 1104 1986 ornavit:
1132 1913 1183 1988 ‘at

84 2029 232 2097 Graeculi
256 2028 382 2108 quidem
407 2027 509 2092 multa
531 2024 664 2106 fingunt,
687 2025 773 2107 apud
797 2044 877 2107 quos
892 2027 987 2093 etiam
1002 2026 1183 2093 Cleombro-

86 2147 155 2206 tum
179 2138 413 2206 Ambraciotam
437 2133 545 2202 ierunt
567 2154 602 2202 se
624 2155 664 2201 cx
679 2136 833 2203 altissimo
845 2137 1069 2219 praecipitasse
1082 2157 1182 2217 muro,

84 2268 146 2316 non
169 2265 231 2330 quo
253 2245 435 2313 acerbitatis
456 2245 628 2328 accepisset
650 2244 778 2326 aliquid,
794 2245 849 2311 sed
871 2249 907 2310 ut
921 2245 1011 2312 video
1031 2246 1183 2328 seriptum

87 2358 172 2442 apud
192 2356 339 2440 Graecos,
362 2374 433 2420 eum
471 2355 586 2421 summi
619 2354 795 2437 philosophi
818 2353 963 2421 Platonis
991 2356 1186 2440 gravitaret

85 2469 197 2533 ornate
218 2466 370 2548 seriptum
394 2466 512 2531 librum
529 2467 683 2530 demorte
705 2465 845 2546 legisset,
866 2465 899 2529 in
920 2483 991 2546 quo,
1013 2471 1050 2531 ut
1064 2466 1184 2550 opinor,

87 2577 236 2644 Socrates
269 2575 322 2641 illo
353 2575 423 2655 ipso
456 2574 507 2640 die
540 2591 601 2654 quo
633 2579 703 2640 erat
731 2574 759 2640 ei
782 2572 989 2640 moriundum
1024 2575 1184 2655 permulta

85 2685 236 2766 disputat,
269 2685 350 2750 banc
384 2702 454 2752 esse
482 2689 613 2750 mortem
645 2703 740 2766 quam
773 2703 829 2749 nos
863 2685 960 2749 vitam
989 2691 1182 2767 putaremus,

1 2823 2 2876 3
86 2813 156 2859 cum
185 2809 315 2876 corpore
347 2794 471 2858 animus
502 2797 667 2875 tamquam
697 2811 822 2858 carcere
852 2793 980 2872 saeptus
1012 2797 1183 2874 teneretur,

85 2904 187 2968 vitam
209 2908 316 2969 autem
344 2921 411 2966 esse
432 2920 512 2980 eam,
548 2920 619 2968 eum
645 2901 728 2967 idern
752 2902 876 2966 animus
908 2903 1018 2968 vin'clis
1045 2905 1182 2985 eorporis
1250 2885 1253 2892 ¹

85 3012 238 3078 liberatus
248 3010 281 3075 in
304 3029 376 3076 eum
390 3029 424 3076 se
438 3010 556 3088 loeump
575 3010 657 3075 unde
679 3013 764 3076 essct
776 3014 875 3090 ortus,
899 3012 1084 3077 rettulisset.
1107 3030 1183 3077 num

85 3122 183 3204 igitur
202 3121 265 3187 ista
284 3125 342 3186 tua
364 3120 467 3186 Sarda
491 3120 705 3202 Pythagoram
740 3124 797 3184 aut
816 3119 982 3186 Platonem
1004 3127 1098 3187 norat
1128 3127 1185 3187 aut

86 3231 232 3312 legerat?
266 3231 320 3310 eui
356 3235 462 3296 tamen
501 3230 561 3310 ipsi
590 3233 724 3295 mortem
760 3229 806 3295 ita
835 3231 978 3309 laudant,
1013 3236 1048 3296 ut
1073 3229 1184 3314 lugere

1 3385 2 3418 τ
87 3341 185 3405 vitam
209 3341 317 3405 vatent
337 3344 435 3418 atque
455 3339 488 3404 id
510 3344 620 3404 eontra
642 3337 753 3405 foedus
784 3337 852 3402 fieri
882 3338 990 3405 dicant
1018 3340 1184 3423 legemque

86 3449 238 3514 naturae?
299 3448 388 3525 Quae
410 3447 516 3514 omnia
535 3448 685 3530 leguntur
717 3448 749 3512 in
782 3449 807 3513 Ι.
831 3448 921 3515 Tuse.
948 3449 1121 3532 eademque
1152 3451 1184 3515 in

87 3557 214 3624 Somnio
245 3563 373 3638 praeter
401 3557 479 3622 illud
517 3556 556 3621 de
587 3556 795 3623 Cleombroto.
850 3558 917 3623 lloe
946 3577 965 3622 a
992 3558 1182 3626 Callimacho

86 3667 315 3748 epigrammate
344 3667 480 3747 quodam
521 3667 603 3748 quod
633 3671 741 3734 exstat
774 3669 929 3734 traditum
961 3687 1030 3735 esse
1060 3673 1184 3736 constat

1 3787 2 3790 ’
86 3782 122 3844 et
153 3775 319 3858 idipsum
349 3778 381 3841 in
403 3778 493 3843 Tuse.
515 3778 539 3857 Ι,
562 3778 602 3842 84
637 3781 911 3845 commemoratur.
955 3776 1045 3854 Quod
1077 3785 1184 3844 tamen

1 3873 2 3878 ’
85 3903 151 3950 non
174 3885 279 3966 ipsum
302 3886 480 3970 selegisse,
503 3887 558 3952 sed
573 3886 613 3952 ab
636 3887 706 3953 aliis
728 3887 935 3969 scriptoribus
951 3886 1081 3954 Graecis
1097 3907 1183 3954 surn-

87 3995 189 4075 psisse
211 3994 277 4076 ipse
300 3995 358 4059 boe
379 3995 446 4062 loeo
469 3997 608 4062 indicare
631 3997 763 4062 videtur.
808 3996 890 4060 Nam
913 4002 1082 4079 postquam
1104 3999 1185 4065 dixit

83 4102 184 4184 ‘apud
205 4120 285 4182 quos
309 4102 439 4184 ferunt²‚
467 4123 531 4170 non
555 4109 626 4171 erat
651 4107 733 4186 quod
757 4104 889 4171 adderet
905 4103 953 4170 ‘ut
974 4105 1064 4172 video
1086 4108 1184 4190 serip-

1 4243 2 4314 ᾗ
86 4219 155 4280 tum
173 4212 258 4295 apud
280 4211 439 4280 Graecos’.
484 4215 587 4294 Quod,
608 4234 680 4281 eum
702 4215 799 4280 etiam
824 4216 933 4280 statim
957 4214 1074 4282 adieiat
1101 4234 1184 4297 quae
