<?xml version="1.0" encoding="UTF-8"?>
<!DOCTYPE html PUBLIC "-//W3C//DTD XHTML 1.0 Transitional//EN"
    "http://www.w3.org/TR/xhtml1/DTD/xhtml1-transitional.dtd">
<html xmlns="http://www.w3.org/1999/xhtml" xml:lang="en" lang="en">
 <head>
  <title>
</title>
<meta http-equiv="Content-Type" content="text/html;charset=utf-8" />
  <meta name='ocr-system' content='tesseract 3.04.00' />
  <meta name='ocr-capabilities' content='ocr_page ocr_carea ocr_par ocr_line ocrx_word'/>
</head>
<body>
  <div class='ocr_page' id='page_1' title='image "./deposidoniorhod00corsgoog_0017.png"; bbox 0 0 2828 4868; ppageno 0'>
   <div class='ocr_carea' id='block_1_1' title="bbox 759 305 798 368">
    <p class='ocr_par' dir='ltr' id='par_1_1' title="bbox 759 305 798 368">
     <span class='ocr_line' id='line_1_1' title="bbox 759 305 798 368; baseline 0 0"><span class='ocrx_word' id='word_1_1' title='bbox 759 305 798 368; x_wconf 88' lang='lat'>10</span> 
     </span>
    </p>
   </div>
   <div class='ocr_carea' id='block_1_2' title="bbox 143 485 1328 3303">
    <p class='ocr_par' dir='ltr' id='par_1_2' title="bbox 143 485 1326 1102">
     <span class='ocr_line' id='line_1_2' title="bbox 229 485 1324 576; baseline 0.007 -28"><span class='ocrx_word' id='word_1_2' title='bbox 229 485 295 550; x_wconf 90' lang='lat' dir='ltr'>sine</span> <span class='ocrx_word' id='word_1_3' title='bbox 317 485 411 551; x_wconf 94' lang='lat' dir='ltr'>dubio</span> <span class='ocrx_word' id='word_1_4' title='bbox 433 486 463 552; x_wconf 94' lang='lat' dir='ltr'>in</span> <span class='ocrx_word' id='word_1_5' title='bbox 480 489 500 568; x_wconf 68' lang='grc' dir='ltr'><strong>ξ</strong></span> <span class='ocrx_word' id='word_1_6' title='bbox 515 489 557 552; x_wconf 88' lang='grc'>44</span> <span class='ocrx_word' id='word_1_7' title='bbox 579 487 651 554; x_wconf 90' lang='lat' dir='ltr'>Pos.</span> <span class='ocrx_word' id='word_1_8' title='bbox 674 488 864 556; x_wconf 89' lang='lat' dir='ltr'>sententiam</span> <span class='ocrx_word' id='word_1_9' title='bbox 884 487 1080 570; x_wconf 85' lang='lat' dir='ltr'>significavit,</span> <span class='ocrx_word' id='word_1_10' title='bbox 1105 508 1198 572; x_wconf 90' lang='lat' dir='ltr'>quem</span> <span class='ocrx_word' id='word_1_11' title='bbox 1222 490 1324 576; x_wconf 91' lang='lat' dir='ltr'>locum</span> 
     </span>
     <span class='ocr_line' id='line_1_3' title="bbox 143 592 1325 682; baseline 0.007 -25"><span class='ocrx_word' id='word_1_12' title='bbox 143 623 149 638; x_wconf 93' lang='lat'>·</span> <span class='ocrx_word' id='word_1_13' title='bbox 229 598 265 658; x_wconf 87' lang='lat' dir='ltr'>ut</span> <span class='ocrx_word' id='word_1_14' title='bbox 285 612 347 675; x_wconf 92' lang='lat' dir='ltr'>quo</span> <span class='ocrx_word' id='word_1_15' title='bbox 371 615 409 661; x_wconf 87' lang='lat' dir='ltr'>ea</span> <span class='ocrx_word' id='word_1_16' title='bbox 433 597 551 679; x_wconf 92' lang='lat' dir='ltr'>optime</span> <span class='ocrx_word' id='word_1_17' title='bbox 579 597 757 664; x_wconf 85' lang='lat' dir='ltr'>illustretur</span> <span class='ocrx_word' id='word_1_18' title='bbox 785 617 957 681; x_wconf 84' lang='lat' dir='ltr'>apponam:</span> <span class='ocrx_word' id='word_1_19' title='bbox 988 592 1073 662; x_wconf 84' lang='lat' dir='ltr'>‘non</span> <span class='ocrx_word' id='word_1_20' title='bbox 1103 605 1210 665; x_wconf 90' lang='lat' dir='ltr'>tamen</span> <span class='ocrx_word' id='word_1_21' title='bbox 1230 618 1325 682; x_wconf 85' lang='lat' dir='ltr'>nega-</span> 
     </span>
     <span class='ocr_line' id='line_1_4' title="bbox 229 706 1325 789; baseline 0.008 -21"><span class='ocrx_word' id='word_1_22' title='bbox 229 707 327 770; x_wconf 89' lang='lat' dir='ltr'>verim</span> <span class='ocrx_word' id='word_1_23' title='bbox 340 706 435 773; x_wconf 89' lang='lat' dir='ltr'>fuisse</span> <span class='ocrx_word' id='word_1_24' title='bbox 450 708 505 774; x_wconf 90' lang='lat' dir='ltr'>alti</span> <span class='ocrx_word' id='word_1_25' title='bbox 521 709 651 789; x_wconf 86' lang='lat' dir='ltr'>spiritus</span> <span class='ocrx_word' id='word_1_26' title='bbox 673 711 756 775; x_wconf 90' lang='lat' dir='ltr'>viros</span> <span class='ocrx_word' id='word_1_27' title='bbox 776 716 808 775; x_wconf 91' lang='lat' dir='ltr'>et</span> <span class='ocrx_word' id='word_1_28' title='bbox 830 717 866 775; x_wconf 91' lang='lat' dir='ltr'>ut</span> <span class='ocrx_word' id='word_1_29' title='bbox 887 710 932 774; x_wconf 89' lang='lat' dir='ltr'>ita</span> <span class='ocrx_word' id='word_1_30' title='bbox 955 711 1056 776; x_wconf 85' lang='lat' dir='ltr'>dicam</span> <span class='ocrx_word' id='word_1_31' title='bbox 1080 730 1100 774; x_wconf 91' lang='lat' dir='ltr'>a</span> <span class='ocrx_word' id='word_1_32' title='bbox 1123 710 1170 776; x_wconf 93' lang='lat' dir='ltr'>dis</span> <span class='ocrx_word' id='word_1_33' title='bbox 1184 716 1325 777; x_wconf 84' lang='lat' dir='ltr'><strong>recentes</strong></span> 
     </span>
     <span class='ocr_line' id='line_1_5' title="bbox 229 810 1326 906; baseline 0.004 -26"><span class='ocrx_word' id='word_1_34' title='bbox 229 815 306 897; x_wconf 79' lang='lat' dir='ltr'>(Cic.</span> <span class='ocrx_word' id='word_1_35' title='bbox 326 810 426 900; x_wconf 87' lang='lat' dir='ltr'>‘quae</span> <span class='ocrx_word' id='word_1_36' title='bbox 444 814 639 906; x_wconf 79' lang='lat' dir='ltr'>[antiquitas]</span> <span class='ocrx_word' id='word_1_37' title='bbox 662 837 724 900; x_wconf 90' lang='lat' dir='ltr'>quo</span> <span class='ocrx_word' id='word_1_38' title='bbox 737 821 867 901; x_wconf 88' lang='lat' dir='ltr'>propius</span> <span class='ocrx_word' id='word_1_39' title='bbox 880 821 992 886; x_wconf 88' lang='lat' dir='ltr'>aberat</span> <span class='ocrx_word' id='word_1_40' title='bbox 1012 821 1051 886; x_wconf 90' lang='lat' dir='ltr'>ab</span> <span class='ocrx_word' id='word_1_41' title='bbox 1074 825 1146 886; x_wconf 89' lang='lat' dir='ltr'>ortu</span> <span class='ocrx_word' id='word_1_42' title='bbox 1167 825 1200 886; x_wconf 90' lang='lat' dir='ltr'>et</span> <span class='ocrx_word' id='word_1_43' title='bbox 1221 819 1326 885; x_wconf 83' lang='lat' dir='ltr'>divina</span> 
     </span>
     <span class='ocr_line' id='line_1_6' title="bbox 229 916 1325 1011; baseline 0.005 -21"><span class='ocrx_word' id='word_1_44' title='bbox 229 916 426 1008; x_wconf 81' lang='lat' dir='ltr'>progenie&#39;);</span> <span class='ocrx_word' id='word_1_45' title='bbox 461 946 562 1009; x_wconf 89' lang='lat' dir='ltr'>neque</span> <span class='ocrx_word' id='word_1_46' title='bbox 591 930 673 994; x_wconf 89' lang='lat' dir='ltr'>enirn</span> <span class='ocrx_word' id='word_1_47' title='bbox 695 929 824 994; x_wconf 92' lang='lat' dir='ltr'>dubium</span> <span class='ocrx_word' id='word_1_48' title='bbox 848 934 905 1010; x_wconf 86' lang='lat' dir='ltr'>est,</span> <span class='ocrx_word' id='word_1_49' title='bbox 929 930 1005 1011; x_wconf 88' lang='lat' dir='ltr'>quin</span> <span class='ocrx_word' id='word_1_50' title='bbox 1039 930 1168 995; x_wconf 87' lang='lat' dir='ltr'>meliora</span> <span class='ocrx_word' id='word_1_51' title='bbox 1189 929 1325 996; x_wconf 89' lang='lat' dir='ltr'>mundus</span> 
     </span>
     <span class='ocr_line' id='line_1_7' title="bbox 229 1027 679 1102; baseline 0.011 -5"><span class='ocrx_word' id='word_1_52' title='bbox 229 1035 367 1100; x_wconf 93' lang='lat' dir='ltr'>nondum</span> <span class='ocrx_word' id='word_1_53' title='bbox 390 1033 503 1102; x_wconf 86' lang='lat' dir='ltr'>effetus</span> <span class='ocrx_word' id='word_1_54' title='bbox 525 1027 679 1102; x_wconf 74' lang='lat' dir='ltr'>ediderit.²</span> 
     </span>
    </p>

    <p class='ocr_par' dir='ltr' id='par_1_3' title="bbox 228 1142 1326 2210">
     <span class='ocr_line' id='line_1_8' title="bbox 329 1142 1326 1229; baseline 0.004 -22"><span class='ocrx_word' id='word_1_55' title='bbox 329 1142 452 1208; x_wconf 84' lang='lat' dir='ltr'>Similia</span> <span class='ocrx_word' id='word_1_56' title='bbox 464 1149 570 1210; x_wconf 91' lang='lat' dir='ltr'>autem</span> <span class='ocrx_word' id='word_1_57' title='bbox 585 1146 746 1227; x_wconf 85' lang='lat' dir='ltr'>leguntur.</span> <span class='ocrx_word' id='word_1_58' title='bbox 757 1147 852 1211; x_wconf 91' lang='lat' dir='ltr'>etiam</span> <span class='ocrx_word' id='word_1_59' title='bbox 867 1147 897 1211; x_wconf 95' lang='lat' dir='ltr'>in</span> <span class='ocrx_word' id='word_1_60' title='bbox 913 1147 1074 1229; x_wconf 93' lang='lat' dir='ltr'>prooemio</span> <span class='ocrx_word' id='word_1_61' title='bbox 1089 1146 1158 1210; x_wconf 87' lang='lat' dir='ltr'>libri</span> <span class='ocrx_word' id='word_1_62' title='bbox 1173 1146 1210 1210; x_wconf 93' lang='lat' dir='ltr'>V.</span> <span class='ocrx_word' id='word_1_63' title='bbox 1225 1145 1326 1226; x_wconf 77' lang='lat' dir='ltr'>Tusa,</span> 
     </span>
     <span class='ocr_line' id='line_1_9' title="bbox 229 1252 1326 1337; baseline 0.002 -19"><span class='ocrx_word' id='word_1_64' title='bbox 229 1252 312 1334; x_wconf 85' lang='lat' dir='ltr'>quod</span> <span class='ocrx_word' id='word_1_65' title='bbox 349 1269 406 1320; x_wconf 89' lang='lat' dir='ltr'>sno</span> <span class='ocrx_word' id='word_1_66' title='bbox 441 1254 510 1318; x_wconf 88' lang='lat' dir='ltr'>inre</span> <span class='ocrx_word' id='word_1_67' title='bbox 532 1255 814 1321; x_wconf 87' lang='lat' dir='ltr'>Zietzschmannns</span> <span class='ocrx_word' id='word_1_68' title='bbox 836 1256 888 1333; x_wconf 89' lang='lat' dir='ltr'>(de</span> <span class='ocrx_word' id='word_1_69' title='bbox 914 1256 1005 1322; x_wconf 88' lang='lat' dir='ltr'>Tuso.</span> <span class='ocrx_word' id='word_1_70' title='bbox 1029 1255 1107 1337; x_wconf 85' lang='lat' dir='ltr'>disp.</span> <span class='ocrx_word' id='word_1_71' title='bbox 1134 1254 1211 1320; x_wconf 86' lang='lat' dir='ltr'>font.</span> <span class='ocrx_word' id='word_1_72' title='bbox 1236 1255 1326 1321; x_wconf 87' lang='lat' dir='ltr'>Halis</span> 
     </span>
     <span class='ocr_line' id='line_1_10' title="bbox 230 1363 1326 1446; baseline -0.001 -18"><span class='ocrx_word' id='word_1_73' title='bbox 230 1363 311 1428; x_wconf 89' lang='lat'>1868</span> <span class='ocrx_word' id='word_1_74' title='bbox 334 1382 362 1444; x_wconf 93' lang='lat' dir='ltr'>p.</span> <span class='ocrx_word' id='word_1_75' title='bbox 375 1365 415 1427; x_wconf 87' lang='lat'>33</span> <span class='ocrx_word' id='word_1_76' title='bbox 434 1363 494 1445; x_wconf 85' lang='lat' dir='ltr'>sq.)</span> <span class='ocrx_word' id='word_1_77' title='bbox 521 1363 617 1428; x_wconf 83' lang='lat' dir='ltr'>Baldo</span> <span class='ocrx_word' id='word_1_78' title='bbox 648 1368 779 1430; x_wconf 90' lang='lat' dir='ltr'>auctore</span> <span class='ocrx_word' id='word_1_79' title='bbox 804 1363 854 1445; x_wconf 88' lang='lat' dir='ltr'>(ci.</span> <span class='ocrx_word' id='word_1_80' title='bbox 877 1367 975 1446; x_wconf 82' lang='lat' dir='ltr'>p.36)</span> <span class='ocrx_word' id='word_1_81' title='bbox 996 1363 1164 1430; x_wconf 91' lang='lat' dir='ltr'>Posidonio</span> <span class='ocrx_word' id='word_1_82' title='bbox 1187 1364 1326 1430; x_wconf 82' lang='lat' dir='ltr'>vindica-</span> 
     </span>
     <span class='ocr_line' id='line_1_11' title="bbox 228 1466 1326 1553; baseline 0 -17"><span class='ocrx_word' id='word_1_83' title='bbox 228 1473 282 1537; x_wconf 80' lang='lat' dir='ltr'>vit.</span> <span class='ocrx_word' id='word_1_84' title='bbox 326 1472 409 1537; x_wconf 91' lang='lat' dir='ltr'>Nam</span> <span class='ocrx_word' id='word_1_85' title='bbox 442 1471 582 1553; x_wconf 88' lang='lat' dir='ltr'>profecto</span> <span class='ocrx_word' id='word_1_86' title='bbox 615 1471 677 1538; x_wconf 84' lang='lat' dir='ltr'>Cic.</span> <span class='ocrx_word' id='word_1_87' title='bbox 713 1473 790 1538; x_wconf 91' lang='lat' dir='ltr'>illud</span> <span class='ocrx_word' id='word_1_88' title='bbox 827 1473 1000 1539; x_wconf 90' lang='lat' dir='ltr'>Posidonii:</span> <span class='ocrx_word' id='word_1_89' title='bbox 1028 1466 1095 1539; x_wconf 84' lang='lat' dir='ltr'>‘est</span> <span class='ocrx_word' id='word_1_90' title='bbox 1116 1478 1222 1538; x_wconf 89' lang='lat' dir='ltr'>autem</span> <span class='ocrx_word' id='word_1_91' title='bbox 1244 1491 1326 1537; x_wconf 92' lang='lat' dir='ltr'>unus</span> 
     </span>
     <span class='ocr_line' id='line_1_12' title="bbox 229 1581 1326 1664; baseline 0.001 -19"><span class='ocrx_word' id='word_1_92' title='bbox 229 1582 293 1647; x_wconf 92' lang='lat' dir='ltr'>dies</span> <span class='ocrx_word' id='word_1_93' title='bbox 314 1581 394 1648; x_wconf 91' lang='lat' dir='ltr'>bene</span> <span class='ocrx_word' id='word_1_94' title='bbox 416 1588 449 1647; x_wconf 91' lang='lat' dir='ltr'>et</span> <span class='ocrx_word' id='word_1_95' title='bbox 470 1601 509 1647; x_wconf 85' lang='lat' dir='ltr'>ex</span> <span class='ocrx_word' id='word_1_96' title='bbox 531 1583 707 1664; x_wconf 83' lang='lat' dir='ltr'>praeceptis</span> <span class='ocrx_word' id='word_1_97' title='bbox 730 1583 794 1647; x_wconf 93' lang='lat' dir='ltr'>tuis</span> <span class='ocrx_word' id='word_1_98' title='bbox 816 1588 904 1648; x_wconf 85' lang='lat' dir='ltr'>actus</span> <span class='ocrx_word' id='word_1_99' title='bbox 928 1583 1069 1664; x_wconf 82' lang='lat' dir='ltr'>peccanti</span> <span class='ocrx_word' id='word_1_100' title='bbox 1091 1581 1326 1648; x_wconf 83' lang='lat' dir='ltr'>immortalitati</span> 
     </span>
     <span class='ocr_line' id='line_1_13' title="bbox 231 1682 1325 1773; baseline 0.001 -18"><span class='ocrx_word' id='word_1_101' title='bbox 231 1682 483 1771; x_wconf 85' lang='lat' dir='ltr'>anteponeudns&#39;</span> <span class='ocrx_word' id='word_1_102' title='bbox 514 1690 567 1773; x_wconf 86' lang='lat' dir='ltr'>(cf.</span> <span class='ocrx_word' id='word_1_103' title='bbox 590 1691 659 1756; x_wconf 87' lang='lat' dir='ltr'>Sen.</span> <span class='ocrx_word' id='word_1_104' title='bbox 683 1709 731 1772; x_wconf 91' lang='lat' dir='ltr'>ep.</span> <span class='ocrx_word' id='word_1_105' title='bbox 756 1693 805 1772; x_wconf 86' lang='lat'>78,</span> <span class='ocrx_word' id='word_1_106' title='bbox 819 1694 872 1773; x_wconf 86' lang='lat'>28)</span> <span class='ocrx_word' id='word_1_107' title='bbox 896 1692 982 1757; x_wconf 97' lang='lat' dir='ltr'>nullo</span> <span class='ocrx_word' id='word_1_108' title='bbox 1015 1696 1142 1757; x_wconf 81' lang='lat' dir='ltr'>auctore</span> <span class='ocrx_word' id='word_1_109' title='bbox 1165 1692 1325 1756; x_wconf 92' lang='lat' dir='ltr'>nominato</span> 
     </span>
     <span class='ocr_line' id='line_1_14' title="bbox 228 1800 1326 1882; baseline 0.003 -18"><span class='ocrx_word' id='word_1_110' title='bbox 228 1818 289 1865; x_wconf 93' lang='lat' dir='ltr'>non</span> <span class='ocrx_word' id='word_1_111' title='bbox 304 1800 486 1882; x_wconf 86' lang='lat' dir='ltr'>protulisset</span> <span class='ocrx_word' id='word_1_112' title='bbox 505 1800 562 1882; x_wconf 61' lang='lat' dir='ltr'>§h</span> <span class='ocrx_word' id='word_1_113' title='bbox 585 1801 643 1865; x_wconf 90' lang='lat' dir='ltr'>nisi</span> <span class='ocrx_word' id='word_1_114' title='bbox 666 1805 772 1866; x_wconf 89' lang='lat' dir='ltr'>cetera</span> <span class='ocrx_word' id='word_1_115' title='bbox 793 1800 892 1865; x_wconf 90' lang='lat' dir='ltr'>eidem</span> <span class='ocrx_word' id='word_1_116' title='bbox 910 1803 1031 1867; x_wconf 91' lang='lat' dir='ltr'>auctori</span> <span class='ocrx_word' id='word_1_117' title='bbox 1047 1800 1186 1867; x_wconf 87' lang='lat' dir='ltr'>deberet.</span> <span class='ocrx_word' id='word_1_118' title='bbox 1214 1801 1250 1866; x_wconf 93' lang='lat' dir='ltr'>ln</span> <span class='ocrx_word' id='word_1_119' title='bbox 1267 1800 1326 1867; x_wconf 93' lang='lat' dir='ltr'>hoc</span> 
     </span>
     <span class='ocr_line' id='line_1_15' title="bbox 229 1908 1325 1993; baseline 0 -19"><span class='ocrx_word' id='word_1_120' title='bbox 229 1910 327 1992; x_wconf 87' lang='lat' dir='ltr'>igitur</span> <span class='ocrx_word' id='word_1_121' title='bbox 347 1910 457 1974; x_wconf 90' lang='lat' dir='ltr'>eodem</span> <span class='ocrx_word' id='word_1_122' title='bbox 480 1908 572 1975; x_wconf 93' lang='lat' dir='ltr'>modo</span> <span class='ocrx_word' id='word_1_123' title='bbox 594 1916 627 1976; x_wconf 90' lang='lat' dir='ltr'>et</span> <span class='ocrx_word' id='word_1_124' title='bbox 648 1909 876 1993; x_wconf 88' lang='lat' dir='ltr'>philosophiam</span> <span class='ocrx_word' id='word_1_125' title='bbox 900 1911 1152 1991; x_wconf 88' lang='lat' dir='ltr'>antiquissimam</span> <span class='ocrx_word' id='word_1_126' title='bbox 1175 1917 1208 1976; x_wconf 91' lang='lat' dir='ltr'>et</span> <span class='ocrx_word' id='word_1_127' title='bbox 1223 1929 1242 1975; x_wconf 90' lang='lat' dir='ltr'>a</span> <span class='ocrx_word' id='word_1_128' title='bbox 1256 1909 1325 1992; x_wconf 91' lang='lat' dir='ltr'>phi·</span> 
     </span>
     <span class='ocr_line' id='line_1_16' title="bbox 230 2018 1326 2101; baseline 0 -17"><span class='ocrx_word' id='word_1_129' title='bbox 230 2020 370 2100; x_wconf 92' lang='lat' dir='ltr'>losophis</span> <span class='ocrx_word' id='word_1_130' title='bbox 390 2019 553 2085; x_wconf 91' lang='lat' dir='ltr'>hominum</span> <span class='ocrx_word' id='word_1_131' title='bbox 576 2019 672 2086; x_wconf 89' lang='lat' dir='ltr'>vitam</span> <span class='ocrx_word' id='word_1_132' title='bbox 707 2019 817 2101; x_wconf 92' lang='lat' dir='ltr'>primis</span> <span class='ocrx_word' id='word_1_133' title='bbox 846 2021 1034 2086; x_wconf 85' lang='lat' dir='ltr'>instructam</span> <span class='ocrx_word' id='word_1_134' title='bbox 1056 2038 1124 2086; x_wconf 90' lang='lat' dir='ltr'>esse</span> <span class='ocrx_word' id='word_1_135' title='bbox 1146 2018 1326 2086; x_wconf 80' lang='lat' dir='ltr'>affirmatur</span> 
     </span>
     <span class='ocr_line' id='line_1_17' title="bbox 230 2125 379 2210; baseline -0.034 -1"><span class='ocrx_word' id='word_1_136' title='bbox 230 2125 261 2210; x_wconf 75' lang='lat' dir='ltr'>(t</span> <span class='ocrx_word' id='word_1_137' title='bbox 284 2129 313 2208; x_wconf 80' lang='grc'>6,</span> <span class='ocrx_word' id='word_1_138' title='bbox 337 2126 379 2204; x_wconf 85' lang='lat'>7).</span> 
     </span>
    </p>

    <p class='ocr_par' dir='ltr' id='par_1_4' title="bbox 229 2235 1326 2760">
     <span class='ocr_line' id='line_1_18' title="bbox 329 2235 1326 2319; baseline -0.003 -18"><span class='ocrx_word' id='word_1_139' title='bbox 329 2236 407 2302; x_wconf 84' lang='lat' dir='ltr'>Cum</span> <span class='ocrx_word' id='word_1_140' title='bbox 424 2236 593 2304; x_wconf 88' lang='lat' dir='ltr'>bisantem</span> <span class='ocrx_word' id='word_1_141' title='bbox 620 2235 695 2302; x_wconf 87' lang='lat' dir='ltr'>locis</span> <span class='ocrx_word' id='word_1_142' title='bbox 717 2236 830 2303; x_wconf 89' lang='lat' dir='ltr'>tertius</span> <span class='ocrx_word' id='word_1_143' title='bbox 852 2236 1086 2319; x_wconf 85' lang='lat' dir='ltr'>coniungendas</span> <span class='ocrx_word' id='word_1_144' title='bbox 1107 2254 1177 2302; x_wconf 88' lang='lat' dir='ltr'>esse</span> <span class='ocrx_word' id='word_1_145' title='bbox 1191 2235 1326 2318; x_wconf 88' lang='lat' dir='ltr'>videtur,</span> 
     </span>
     <span class='ocr_line' id='line_1_19' title="bbox 230 2337 1325 2429; baseline -0.002 -19"><span class='ocrx_word' id='word_1_146' title='bbox 230 2347 284 2426; x_wconf 89' lang='lat' dir='ltr'>qui</span> <span class='ocrx_word' id='word_1_147' title='bbox 311 2346 429 2426; x_wconf 83' lang='lat' dir='ltr'>legitur</span> <span class='ocrx_word' id='word_1_148' title='bbox 455 2345 494 2410; x_wconf 91' lang='lat' dir='ltr'>de</span> <span class='ocrx_word' id='word_1_149' title='bbox 522 2345 581 2426; x_wconf 85' lang='lat' dir='ltr'>leg.</span> <span class='ocrx_word' id='word_1_150' title='bbox 604 2344 643 2425; x_wconf 89' lang='grc' dir='ltr'>ΙΙ,</span> <span class='ocrx_word' id='word_1_151' title='bbox 656 2347 695 2410; x_wconf 85' lang='grc'>27</span> <span class='ocrx_word' id='word_1_152' title='bbox 729 2337 932 2426; x_wconf 71' lang='lat' dir='ltr'>(antiquitas</span> <span class='ocrx_word' id='word_1_153' title='bbox 961 2346 1101 2429; x_wconf 82' lang='lat' dir='ltr'>proxime</span> <span class='ocrx_word' id='word_1_154' title='bbox 1133 2346 1255 2412; x_wconf 89' lang='lat' dir='ltr'>accedit</span> <span class='ocrx_word' id='word_1_155' title='bbox 1285 2343 1325 2410; x_wconf 88' lang='lat' dir='ltr'>ad</span> 
     </span>
     <span class='ocr_line' id='line_1_20' title="bbox 230 2453 1326 2538; baseline -0.002 -17"><span class='ocrx_word' id='word_1_156' title='bbox 230 2453 341 2538; x_wconf 66' lang='lat' dir='ltr'>deos),</span> <span class='ocrx_word' id='word_1_157' title='bbox 364 2455 417 2537; x_wconf 87' lang='lat' dir='ltr'>qui</span> <span class='ocrx_word' id='word_1_158' title='bbox 440 2455 535 2521; x_wconf 90' lang='lat' dir='ltr'>etiam</span> <span class='ocrx_word' id='word_1_159' title='bbox 558 2472 594 2518; x_wconf 94' lang='lat' dir='ltr'>eo</span> <span class='ocrx_word' id='word_1_160' title='bbox 617 2474 686 2520; x_wconf 92' lang='lat' dir='ltr'>cum</span> <span class='ocrx_word' id='word_1_161' title='bbox 699 2455 790 2521; x_wconf 74' lang='lat' dir='ltr'>Tusa.</span> <span class='ocrx_word' id='word_1_162' title='bbox 813 2455 838 2536; x_wconf 91' lang='lat' dir='ltr'>I,</span> <span class='ocrx_word' id='word_1_163' title='bbox 851 2457 890 2520; x_wconf 84' lang='lat'>27</span> <span class='ocrx_word' id='word_1_164' title='bbox 913 2457 1077 2535; x_wconf 85' lang='lat' dir='ltr'>consentit,</span> <span class='ocrx_word' id='word_1_165' title='bbox 1099 2455 1181 2537; x_wconf 89' lang='lat' dir='ltr'>quod</span> <span class='ocrx_word' id='word_1_166' title='bbox 1205 2454 1267 2520; x_wconf 90' lang='lat' dir='ltr'>illis</span> <span class='ocrx_word' id='word_1_167' title='bbox 1287 2473 1326 2519; x_wconf 87' lang='lat' dir='ltr'>ex</span> 
     </span>
     <span class='ocr_line' id='line_1_21' title="bbox 229 2563 1326 2644; baseline 0.001 -15"><span class='ocrx_word' id='word_1_168' title='bbox 229 2564 393 2629; x_wconf 93' lang='lat' dir='ltr'>hominum</span> <span class='ocrx_word' id='word_1_169' title='bbox 425 2581 542 2644; x_wconf 84' lang='lat' dir='ltr'>genere</span> <span class='ocrx_word' id='word_1_170' title='bbox 581 2564 770 2630; x_wconf 88' lang='lat' dir='ltr'>consecratis</span> <span class='ocrx_word' id='word_1_171' title='bbox 799 2565 848 2630; x_wconf 93' lang='lat' dir='ltr'>dis</span> <span class='ocrx_word' id='word_1_172' title='bbox 880 2564 1000 2630; x_wconf 91' lang='lat' dir='ltr'>animos</span> <span class='ocrx_word' id='word_1_173' title='bbox 1033 2563 1226 2629; x_wconf 88' lang='lat' dir='ltr'>immortales</span> <span class='ocrx_word' id='word_1_174' title='bbox 1256 2582 1326 2630; x_wconf 91' lang='lat' dir='ltr'>esse</span> 
     </span>
     <span class='ocr_line' id='line_1_22' title="bbox 230 2673 389 2760; baseline 0.013 -23"><span class='ocrx_word' id='word_1_175' title='bbox 230 2673 389 2760; x_wconf 85' lang='lat' dir='ltr'>probetur.</span> 
     </span>
    </p>

    <p class='ocr_par' dir='ltr' id='par_1_5' title="bbox 229 2781 1328 3303">
     <span class='ocr_line' id='line_1_23' title="bbox 320 2781 1328 2864; baseline 0 -18"><span class='ocrx_word' id='word_1_176' title='bbox 320 2782 402 2846; x_wconf 63' lang='lat' dir='ltr'>‘Alia</span> <span class='ocrx_word' id='word_1_177' title='bbox 413 2781 569 2846; x_wconf 90' lang='lat' dir='ltr'>Posidonii</span> <span class='ocrx_word' id='word_1_178' title='bbox 585 2783 719 2864; x_wconf 88' lang='lat' dir='ltr'>vestigia</span> <span class='ocrx_word' id='word_1_179' title='bbox 734 2781 1054 2862; x_wconf 88' lang='lat' dir='ltr'>circumspicientibus</span> <span class='ocrx_word' id='word_1_180' title='bbox 1078 2781 1168 2848; x_wconf 92' lang='lat' dir='ltr'>nobis</span> <span class='ocrx_word' id='word_1_181' title='bbox 1190 2783 1328 2847; x_wconf 88' lang='lat' dir='ltr'>occurrit</span> 
     </span>
     <span class='ocr_line' id='line_1_24' title="bbox 229 2890 1324 2974; baseline -0.001 -18"><span class='ocrx_word' id='word_1_182' title='bbox 229 2892 317 2972; x_wconf 66' lang='lat'>544,</span> <span class='ocrx_word' id='word_1_183' title='bbox 346 2893 377 2956; x_wconf 91' lang='lat' dir='ltr'>in</span> <span class='ocrx_word' id='word_1_184' title='bbox 406 2909 470 2974; x_wconf 87' lang='lat' dir='ltr'>qua</span> <span class='ocrx_word' id='word_1_185' title='bbox 502 2891 609 2957; x_wconf 91' lang='lat' dir='ltr'>insunt</span> <span class='ocrx_word' id='word_1_186' title='bbox 639 2910 720 2973; x_wconf 90' lang='lat' dir='ltr'>quae</span> <span class='ocrx_word' id='word_1_187' title='bbox 754 2910 774 2954; x_wconf 91' lang='lat' dir='ltr'>a</span> <span class='ocrx_word' id='word_1_188' title='bbox 807 2891 964 2956; x_wconf 91' lang='lat' dir='ltr'>communi</span> <span class='ocrx_word' id='word_1_189' title='bbox 997 2890 1124 2973; x_wconf 89' lang='lat' dir='ltr'>quidem</span> <span class='ocrx_word' id='word_1_190' title='bbox 1146 2890 1324 2958; x_wconf 88' lang='lat' dir='ltr'>Stoicorum</span> 
     </span>
     <span class='ocr_line' id='line_1_25' title="bbox 229 2999 1324 3082; baseline 0.001 -18"><span class='ocrx_word' id='word_1_191' title='bbox 229 3000 373 3066; x_wconf 91' lang='lat' dir='ltr'>doctrina</span> <span class='ocrx_word' id='word_1_192' title='bbox 407 2999 498 3065; x_wconf 88' lang='lat' dir='ltr'>valde</span> <span class='ocrx_word' id='word_1_193' title='bbox 529 2999 729 3066; x_wconf 87' lang='lat' dir='ltr'>abhorreant.</span> <span class='ocrx_word' id='word_1_194' title='bbox 774 2999 972 3082; x_wconf 79' lang='lat' dir='ltr'>cupiditates</span> <span class='ocrx_word' id='word_1_195' title='bbox 1006 3001 1089 3065; x_wconf 89' lang='lat' dir='ltr'>enim</span> <span class='ocrx_word' id='word_1_196' title='bbox 1122 3000 1226 3066; x_wconf 84' lang='lat' dir='ltr'>animo</span> <span class='ocrx_word' id='word_1_197' title='bbox 1254 3019 1324 3065; x_wconf 90' lang='lat' dir='ltr'>cum</span> 
     </span>
     <span class='ocr_line' id='line_1_26' title="bbox 229 3109 1323 3193; baseline -0.004 -17"><span class='ocrx_word' id='word_1_198' title='bbox 229 3128 361 3192; x_wconf 88' lang='lat' dir='ltr'>corpore</span> <span class='ocrx_word' id='word_1_199' title='bbox 384 3109 547 3175; x_wconf 90' lang='lat' dir='ltr'>coniuncto</span> <span class='ocrx_word' id='word_1_200' title='bbox 570 3111 652 3187; x_wconf 89' lang='lat' dir='ltr'>oriri,</span> <span class='ocrx_word' id='word_1_201' title='bbox 675 3112 775 3193; x_wconf 85' lang='lat' dir='ltr'>ipsam</span> <span class='ocrx_word' id='word_1_202' title='bbox 794 3111 902 3175; x_wconf 87' lang='lat' dir='ltr'>antem</span> <span class='ocrx_word' id='word_1_203' title='bbox 917 3113 1055 3175; x_wconf 91' lang='lat' dir='ltr'>mentem</span> <span class='ocrx_word' id='word_1_204' title='bbox 1072 3109 1113 3175; x_wconf 91' lang='lat' dir='ltr'>ab</span> <span class='ocrx_word' id='word_1_205' title='bbox 1133 3109 1172 3174; x_wconf 93' lang='lat' dir='ltr'>iis</span> <span class='ocrx_word' id='word_1_206' title='bbox 1193 3109 1323 3173; x_wconf 88' lang='lat' dir='ltr'>liberam</span> 
     </span>
     <span class='ocr_line' id='line_1_27' title="bbox 230 3217 1326 3303; baseline -0.005 -15"><span class='ocrx_word' id='word_1_207' title='bbox 230 3238 298 3288; x_wconf 87' lang='lat' dir='ltr'>esse</span> <span class='ocrx_word' id='word_1_208' title='bbox 321 3223 430 3302; x_wconf 88' lang='lat' dir='ltr'>aperte</span> <span class='ocrx_word' id='word_1_209' title='bbox 452 3219 640 3285; x_wconf 89' lang='lat' dir='ltr'>declaratur.</span> <span class='ocrx_word' id='word_1_210' title='bbox 685 3221 803 3286; x_wconf 86' lang='lat' dir='ltr'>Contra</span> <span class='ocrx_word' id='word_1_211' title='bbox 816 3220 910 3285; x_wconf 86' lang='lat' dir='ltr'>Stoici</span> <span class='ocrx_word' id='word_1_212' title='bbox 933 3218 1188 3303; x_wconf 89' lang='lat' dir='ltr'>perturbationes</span> <span class='ocrx_word' id='word_1_213' title='bbox 1204 3217 1326 3300; x_wconf 89' lang='lat' dir='ltr'>abipsa</span> 
     </span>
    </p>
   </div>
   <div class='ocr_carea' id='block_1_3' title="bbox 229 3430 1327 4062">
    <p class='ocr_par' dir='ltr' id='par_1_6' title="bbox 229 3430 1327 4062">
     <span class='ocr_line' id='line_1_28' title="bbox 229 3430 1327 3523; baseline 0 -23"><span class='ocrx_word' id='word_1_214' title='bbox 229 3435 329 3519; x_wconf 83' lang='grc' dir='ltr'><em>μέρος</em></span> <span class='ocrx_word' id='word_1_215' title='bbox 350 3432 388 3501; x_wconf 80' lang='grc' dir='ltr'>τὸ</span> <span class='ocrx_word' id='word_1_216' title='bbox 411 3430 600 3520; x_wconf 74' lang='grc' dir='ltr'><em>ἡγεμονικὸν</em></span> <span class='ocrx_word' id='word_1_217' title='bbox 621 3431 659 3500; x_wconf 80' lang='grc' dir='ltr'>τὸ</span> <span class='ocrx_word' id='word_1_218' title='bbox 680 3439 804 3501; x_wconf 80' lang='grc' dir='ltr'><em>ποιοῦν</em></span> <span class='ocrx_word' id='word_1_219' title='bbox 825 3431 883 3514; x_wconf 80' lang='grc' dir='ltr'>τὰς</span> <span class='ocrx_word' id='word_1_220' title='bbox 896 3435 1077 3523; x_wconf 80' lang='grc' dir='ltr'><strong><em>φαντασίας</em></strong></span> <span class='ocrx_word' id='word_1_221' title='bbox 1097 3435 1151 3500; x_wconf 86' lang='grc' dir='ltr'>καὶ</span> <span class='ocrx_word' id='word_1_222' title='bbox 1172 3431 1231 3514; x_wconf 77' lang='grc' dir='ltr'>τὰς</span> <span class='ocrx_word' id='word_1_223' title='bbox 1251 3457 1327 3520; x_wconf 78' lang='grc' dir='ltr'><strong><em>συγ-</em></strong></span> 
     </span>
     <span class='ocr_line' id='line_1_29' title="bbox 231 3539 1324 3630; baseline 0.003 -22"><span class='ocrx_word' id='word_1_224' title='bbox 231 3543 426 3622; x_wconf 76' lang='grc' dir='ltr'><strong><em>καταθέσεις</em></strong></span> <span class='ocrx_word' id='word_1_225' title='bbox 461 3543 515 3609; x_wconf 81' lang='grc' dir='ltr'>καὶ</span> <span class='ocrx_word' id='word_1_226' title='bbox 547 3539 724 3630; x_wconf 74' lang='grc' dir='ltr'><strong><em>αἰσθήσεις</em></strong></span> <span class='ocrx_word' id='word_1_227' title='bbox 755 3544 808 3609; x_wconf 85' lang='grc' dir='ltr'>καὶ</span> <span class='ocrx_word' id='word_1_228' title='bbox 841 3540 967 3627; x_wconf 80' lang='grc' dir='ltr'><em>ὁρμὰς</em></span> <span class='ocrx_word' id='word_1_229' title='bbox 998 3545 1083 3610; x_wconf 86' lang='lat' dir='ltr'>Plut.</span> <span class='ocrx_word' id='word_1_230' title='bbox 1106 3546 1187 3628; x_wconf 87' lang='lat' dir='ltr'>plac.</span> <span class='ocrx_word' id='word_1_231' title='bbox 1208 3545 1262 3628; x_wconf 88' lang='lat' dir='ltr'>IV,</span> <span class='ocrx_word' id='word_1_232' title='bbox 1285 3548 1324 3612; x_wconf 81' lang='lat'>21</span> 
     </span>
     <span class='ocr_line' id='line_1_30' title="bbox 230 3654 1325 3734; baseline -0.001 -16"><span class='ocrx_word' id='word_1_233' title='bbox 230 3655 338 3719; x_wconf 88' lang='lat' dir='ltr'>tradit.</span> <span class='ocrx_word' id='word_1_234' title='bbox 395 3654 671 3721; x_wconf 90' lang='lat' dir='ltr'>Perturbationem</span> <span class='ocrx_word' id='word_1_235' title='bbox 710 3660 816 3719; x_wconf 87' lang='lat' dir='ltr'>autem</span> <span class='ocrx_word' id='word_1_236' title='bbox 851 3654 1026 3734; x_wconf 89' lang='lat' dir='ltr'>appetitum</span> <span class='ocrx_word' id='word_1_237' title='bbox 1062 3654 1325 3720; x_wconf 88' lang='lat' dir='ltr'>vehementiorem</span> 
     </span>
     <span class='ocr_line' id='line_1_31' title="bbox 232 3760 1326 3844; baseline -0.002 -15"><span class='ocrx_word' id='word_1_238' title='bbox 232 3782 302 3832; x_wconf 90' lang='lat' dir='ltr'>esse</span> <span class='ocrx_word' id='word_1_239' title='bbox 318 3768 511 3830; x_wconf 88' lang='lat' dir='ltr'>statuemut.</span> <span class='ocrx_word' id='word_1_240' title='bbox 543 3760 719 3828; x_wconf 79' lang='lat' dir='ltr'>Definiebat</span> <span class='ocrx_word' id='word_1_241' title='bbox 734 3762 816 3827; x_wconf 91' lang='lat' dir='ltr'>enim</span> <span class='ocrx_word' id='word_1_242' title='bbox 829 3781 898 3828; x_wconf 88' lang='lat' dir='ltr'>eam</span> <span class='ocrx_word' id='word_1_243' title='bbox 912 3762 994 3827; x_wconf 90' lang='lat' dir='ltr'>Zeno</span> <span class='ocrx_word' id='word_1_244' title='bbox 1017 3766 1098 3827; x_wconf 90' lang='lat' dir='ltr'>teste</span> <span class='ocrx_word' id='word_1_245' title='bbox 1109 3762 1238 3828; x_wconf 87' lang='lat' dir='ltr'>Laertio</span> <span class='ocrx_word' id='word_1_246' title='bbox 1255 3762 1326 3844; x_wconf 87' lang='lat' dir='ltr'>Vll,</span> 
     </span>
     <span class='ocr_line' id='line_1_32' title="bbox 233 3861 1326 3958; baseline -0.002 -21"><span class='ocrx_word' id='word_1_247' title='bbox 233 3874 307 3937; x_wconf 85' lang='lat' dir='ltr'>llo:</span> <span class='ocrx_word' id='word_1_248' title='bbox 333 3861 451 3955; x_wconf 70' lang='grc' dir='ltr'><em>ἄλογον</em></span> <span class='ocrx_word' id='word_1_249' title='bbox 481 3871 534 3935; x_wconf 84' lang='grc' dir='ltr'>καὶ</span> <span class='ocrx_word' id='word_1_250' title='bbox 566 3864 657 3951; x_wconf 82' lang='grc' dir='ltr'><strong><em>παρὰ</em></strong></span> <span class='ocrx_word' id='word_1_251' title='bbox 691 3864 790 3957; x_wconf 77' lang='grc' dir='ltr'><strong><em>φύσιν</em></strong></span> <span class='ocrx_word' id='word_1_252' title='bbox 822 3869 945 3956; x_wconf 79' lang='grc' dir='ltr'><strong><em>κίνησιν</em></strong></span> <span class='ocrx_word' id='word_1_253' title='bbox 968 3863 989 3958; x_wconf 72' lang='grc' dir='ltr'>ἢ</span> <span class='ocrx_word' id='word_1_254' title='bbox 1011 3864 1138 3955; x_wconf 74' lang='grc' dir='ltr'><em>ὁρμήν</em></span> <span class='ocrx_word' id='word_1_255' title='bbox 1158 3865 1326 3936; x_wconf 81' lang='grc' dir='ltr'><strong><em>πλεονά-</em></strong></span> 
     </span>
     <span class='ocr_line' id='line_1_33' title="bbox 233 3977 1325 4062; baseline 0.002 -18"><span class='ocrx_word' id='word_1_256' title='bbox 233 3980 376 4062; x_wconf 82' lang='grc' dir='ltr'><strong><em>ζουσαν</em></strong></span> <span class='ocrx_word' id='word_1_257' title='bbox 392 3981 427 4054; x_wconf 83' lang='lat'>1).</span> <span class='ocrx_word' id='word_1_258' title='bbox 470 3979 559 4058; x_wconf 83' lang='lat' dir='ltr'>Quod</span> <span class='ocrx_word' id='word_1_259' title='bbox 583 3980 735 4061; x_wconf 88' lang='lat' dir='ltr'>explanat</span> <span class='ocrx_word' id='word_1_260' title='bbox 747 3978 942 4062; x_wconf 84' lang='lat' dir='ltr'>Chrysippus</span> <span class='ocrx_word' id='word_1_261' title='bbox 956 3979 1040 4061; x_wconf 92' lang='lat' dir='ltr'>apud</span> <span class='ocrx_word' id='word_1_262' title='bbox 1056 3977 1212 4046; x_wconf 87' lang='lat' dir='ltr'>Galenum</span> <span class='ocrx_word' id='word_1_263' title='bbox 1225 3979 1325 4062; x_wconf 82' lang='lat' dir='ltr'>(Plau.</span> 
     </span>
    </p>
   </div>
   <div class='ocr_carea' id='block_1_4' title="bbox 231 4128 1326 4299">
    <p class='ocr_par' dir='ltr' id='par_1_7' title="bbox 231 4128 1326 4299">
     <span class='ocr_line' id='line_1_34' title="bbox 333 4128 1326 4202; baseline -0.003 -16"><span class='ocrx_word' id='word_1_264' title='bbox 333 4132 354 4202; x_wconf 85' lang='lat'>¹)</span> <span class='ocrx_word' id='word_1_265' title='bbox 375 4131 415 4186; x_wconf 84' lang='lat' dir='ltr'>cl.</span> <span class='ocrx_word' id='word_1_266' title='bbox 435 4131 521 4186; x_wconf 85' lang='lat' dir='ltr'>etiam</span> <span class='ocrx_word' id='word_1_267' title='bbox 540 4131 595 4186; x_wconf 77' lang='lat' dir='ltr'>cio.</span> <span class='ocrx_word' id='word_1_268' title='bbox 615 4130 695 4186; x_wconf 85' lang='lat' dir='ltr'>Tuae.</span> <span class='ocrx_word' id='word_1_269' title='bbox 716 4131 764 4200; x_wconf 86' lang='lat' dir='ltr'>IV,</span> <span class='ocrx_word' id='word_1_270' title='bbox 782 4133 823 4184; x_wconf 94' lang='lat'>11.</span> <span class='ocrx_word' id='word_1_271' title='bbox 861 4131 938 4185; x_wconf 89' lang='lat' dir='ltr'>Stob.</span> <span class='ocrx_word' id='word_1_272' title='bbox 957 4131 1008 4186; x_wconf 87' lang='lat' dir='ltr'>eol.</span> <span class='ocrx_word' id='word_1_273' title='bbox 1027 4147 1055 4200; x_wconf 90' lang='lat' dir='ltr'>p.</span> <span class='ocrx_word' id='word_1_274' title='bbox 1076 4131 1127 4184; x_wconf 88' lang='grc'>166</span> <span class='ocrx_word' id='word_1_275' title='bbox 1146 4129 1181 4184; x_wconf 92' lang='grc' dir='ltr'>Η.</span> <span class='ocrx_word' id='word_1_276' title='bbox 1200 4128 1326 4184; x_wconf 87' lang='lat' dir='ltr'>Andron.</span> 
     </span>
     <span class='ocr_line' id='line_1_35' title="bbox 231 4228 421 4299; baseline 0.005 -18"><span class='ocrx_word' id='word_1_277' title='bbox 231 4231 294 4299; x_wconf 76' lang='grc' dir='ltr'>περὶ</span> <span class='ocrx_word' id='word_1_278' title='bbox 303 4228 421 4282; x_wconf 68' lang='grc' dir='ltr'><strong><em>παθῶν.</em></strong></span> 
     </span>
    </p>
   </div>
   <div class='ocr_carea' id='block_1_5' title="bbox 0 0 1419 4868">
    <p class='ocr_par' dir='ltr' id='par_1_8' title="bbox 0 0 1419 4868">
     <span class='ocr_line' id='line_1_36' title="bbox 0 0 1419 4868; baseline 0 0"><span class='ocrx_word' id='word_1_279' title='bbox 0 0 1419 4868; x_wconf 95' lang='lat' dir='ltr'> </span> 
     </span>
    </p>
   </div>
  </div>
 </body>
</html>
