2828 4868
201 1590 377 1658 Stoicorum
393 1591 556 1658 doctrinae
579 1592 734 1658 simeutio
756 1590 802 1677 dt,
823 1589 893 1657 fieri
907 1593 996 1672 solet,
1021 1598 1057 1659 ut
1073 1593 1200 1660 scholae

4 1677 6 1700 ¹
101 1702 222 1784 species
247 1701 402 1782 quaedam
425 1718 530 1781 waeque
557 1701 616 1766 sibi
638 1706 784 1768 constans
814 1704 847 1765 et
871 1701 1076 1766 immutabilis
1103 1709 1199 1783 atque

4 1819 6 1908 3
102 1810 253 1892 sapientis
268 1828 361 1892 quem
383 1809 583 1876 somniabant
598 1810 702 1874 animo
714 1816 821 1874 nostro
833 1811 1026 1876 obversetur.
1043 1812 1199 1878 Zenonem

4 1915 6 1968 5
102 1920 185 1985 enim
208 1919 416 1984 fundamenta
451 1919 635 2001 discipliuae
670 1919 787 1998 iecisse,
812 1917 998 1984 Cleanthem
1027 1921 1200 1998 inchoasse,

4 2061 6 2084 ι
103 2028 313 2112 chrysippum
328 2027 505 2112 perfecisse,
520 2028 719 2106 instruxisse,
737 2047 867 2093 ornasse
881 2026 1068 2108 aedificium,
1092 2031 1123 2094 iu
1138 2048 1200 2110 quo

4 2215 7 2234 .
103 2155 212 2204 omnes
223 2138 413 2220 posteriores
426 2156 482 2202 nec
502 2137 666 2203 moenibus
689 2156 746 2203 nec
768 2137 966 2203 conclavibus
989 2140 1120 2204 mutatis
1143 2158 1199 2206 nec

4 2237 6 2284 i

4 2291 6 2358 l

103 2248 161 2313 nisi
184 2265 268 2328 quae
292 2253 472 2330 temporum
498 2247 570 2312 labe
604 2248 710 2312 damni
743 2246 818 2326 quid
855 2248 1013 2330 cepissent
1044 2250 1200 2314 restitutis

104 2350 295 2436 habitarent,
329 2357 416 2423 nobis
437 2355 557 2438 fingere
589 2356 737 2422 solemus.
780 2354 861 2420 Nam
895 2358 947 2436 qui
988 2358 1027 2423 de
1059 2357 1202 2423 doctrina

4 2445 6 2504 ἶ
103 2485 213 2532 eorum
237 2466 491 2548 disputaverunt,
524 2466 668 2546 plerique
703 2485 773 2530 eam
797 2466 950 2531 rationem
984 2468 1083 2533 secuti
1116 2471 1201 2542 sunt,

102 2566 140 2640 ut
158 2573 325 2639 undeunde
344 2573 523 2654 fragmenta
545 2580 578 2639 et
598 2574 715 2638 rudera
738 2574 922 2657 colligerent
937 2580 969 2639 et
983 2583 1200 2658 congererent,

102 2685 217 2767 quibus
242 2682 417 2750 aedificium
438 2683 516 2748 illud
549 2689 690 2766 tompore
712 2685 861 2749 obrutum
896 2689 1000 2750 mente
1033 2687 1201 2766 animoque

103 2793 276 2859 reficerent.
328 2792 442 2875 Itaque
476 2792 507 2857 in
541 2811 638 2858 uuum
672 2799 704 2858 et
736 2793 782 2872 iis,
819 2810 900 2873 quae
935 2813 974 2859 ex
1008 2794 1201 2874 temporibus

6 2943 7 2948 κ
104 2903 331 2983 antiquissimis
352 2921 451 2984 parva
467 2909 499 2967 et
521 2903 645 2984 singula
666 2909 698 2967 et
720 2920 802 2983 quae
823 2921 862 2968 ex
883 2903 1109 2970 recentioribus
1131 2923 1199 2970 sae·

103 3011 182 3077 culis
204 3011 298 3094 plura
318 3016 350 3075 et
370 3011 524 3093 ampliora
545 3016 672 3076 servata
694 3014 778 3091 suut,
803 3015 961 3094 congestis
985 3020 1018 3076 et
1039 3013 1200 3078 sententiis

104 3119 238 3186 Zenonis
269 3125 301 3185 et
325 3117 489 3202 Chrysippi
519 3125 551 3184 et
580 3118 718 3185 Senecae
742 3120 925 3200 Aureliique
950 3121 999 3186 vel
1022 3120 1200 3187 commixtis

103 3231 155 3295 vel
190 3229 415 3312 conglutinatis
447 3229 609 3294 doctrinae
647 3229 816 3311 imaginem
846 3229 1045 3312 effigiemque
1077 3229 1201 3296 efficere

102 3337 304 3404 studuerunt.
329 3337 447 3402 Tamen
463 3356 584 3418 vereor,
607 3358 646 3404 ne
661 3338 739 3404 hacc
755 3340 838 3404 ratio
859 3339 900 3405 ab
921 3339 1052 3404 historia
1073 3341 1200 3421 quidem

103 3444 322 3529 philosophiae
342 3445 565 3512 conscribenda
580 3447 684 3512 aliena
705 3447 747 3512 sit
770 3464 871 3528 eaque
895 3454 1008 3528 poetae
1030 3446 1107 3512 illud
1129 3465 1201 3530 pro-

102 3555 211 3620 betur:
255 3546 353 3632 ‘Was
375 3554 426 3620 ihr
448 3556 507 3621 den
531 3555 622 3622 Geist
655 3555 713 3622 der
734 3556 842 3622 Zeiten
865 3557 973 3636 heisst,
1008 3558 1065 3623 das
1093 3557 1137 3623 ist
1159 3559 1200 3623 im

104 3663 215 3730 Gruud
238 3663 293 3729 der
315 3662 439 3729 Hersen
463 3665 571 3747 signer
593 3663 707 3731 Geist’.

203 3769 285 3837 Nam
321 3774 348 3838 si
374 3779 567 3854 reputemus,
606 3779 683 3855 quot
713 3774 773 3840 viri
805 3779 838 3840 et
860 3774 992 3857 ingeniis
1026 3780 1058 3841 et
1090 3776 1202 3842 studiis

7 3939 8 3944 ,
104 3882 220 3948 diversi
248 3880 495 3966 elaboraverint,
526 3886 564 3947 ut
595 3882 732 3949 Stoicum
761 3883 876 3964 dogma
907 3887 938 3949 et
970 3883 1139 3950 conderent
1170 3891 1202 3949 et

7 4033 8 4044 ,
103 3994 268 4058 servarent
298 3995 395 4073 atque
427 4008 508 4071 quae
546 3989 664 4055 iruerint
699 4009 770 4056 cum
803 3991 919 4058 scholis
941 3992 1028 4057 aliis
1066 3994 1201 4074 primum

8 4095 9 4108 ’
103 4102 278 4167 certamina
299 4101 427 4180 otides,
449 4101 563 4166 deinde
585 4101 691 4182 potius
706 4101 972 4168 reconciliationes
993 4108 1025 4167 ut
1043 4101 1083 4167 ad
1098 4102 1203 4167 aliena

8 4339 11 4420 i

102 4211 417 4290 accommodationes,
447 4229 509 4276 non
541 4215 645 4277 totum
689 4210 777 4292 prius
804 4211 966 4294 complecti
997 4211 1202 4295 studebimus,

985 4349 998 4400 1
