2828 4868
629 314 669 378 19

97 493 223 582 γένειαν
254 490 341 579 πρὸς
360 488 498 581 ταύτην,
533 493 624 561 ἕπετ’-
673 495 715 563 coi
737 491 893 586 κριτήρια,
916 494 958 561 δι’
976 478 1024 560 ὦν
1042 493 1198 582 γέγραφε·

96 628 164 688 περ
186 600 254 671 ὑπὸ
286 607 345 670 τοῦ
378 599 497 689 ὁμοίου
526 599 565 670 τὸ
588 597 625 669 ὅ·
728 611 905 689 sequuntur
927 624 1037 672 versus
1058 605 1161 672 iidem.

97 739 196 798 μοιον
226 709 536 799 καταλαμβάνεσθαι
563 711 624 778 πέ-

98 841 219 908 morter·

97 931 172 1021 γαίῃ
192 933 251 1015 μὲν
272 928 332 1018 γὰρ
354 935 447 1017 γαῖαν
468 921 664 1014 ὀπώπαμεν,
694 925 786 996 ὕδατι
806 929 835 996 δ’
857 925 956 1016 ὕδωρ,

97 1037 211 1124 αἰθέρι
226 1041 254 1108 δ’
269 1038 390 1124 αἰθέρα
412 1040 492 1122 δῖον,
515 1030 596 1123 ἀτὰρ
619 1039 701 1124 πυρὶ
723 1040 791 1122 πῦρ
813 1029 959 1125 ἀΐδηλον,

98 1145 238 1236 στοργὴν
260 1149 295 1215 δὲ
316 1152 445 1238 στοργῇ,
470 1154 578 1227 νεῖκος
599 1146 636 1214 δέ
656 1170 691 1233 γε
713 1148 815 1214 νείκεϊ
834 1149 950 1236 λυγρῷ.

198 1276 342 1358 Apparet
378 1277 476 1356 igitur
504 1292 559 1341 eos
592 1292 671 1356 quos
705 1273 736 1340 S.
771 1274 918 1340 interiore
950 1276 1019 1341 loco
1042 1280 1198 1356 sequatur

100 1391 246 1452 auctores
269 1385 378 1450 eodem
393 1383 551 1451 Posidonii
574 1385 642 1451 loco
665 1403 741 1451 usos
764 1402 833 1450 esse
855 1402 949 1465 quem
971 1403 1067 1466 supra
1088 1403 1198 1467 quam·

98 1495 145 1559 vis
167 1497 346 1559 coartatum
366 1493 517 1560 attulerit.
560 1492 626 1560 Nec
650 1511 724 1559 vero
757 1512 948 1576 quemquam
977 1494 1073 1559 alium
1102 1494 1197 1576 signi·

98 1601 188 1668 ficari
213 1603 270 1668 nisi
291 1602 496 1668 Posidonium
518 1606 604 1684 puto,
633 1604 722 1669 cuius
741 1601 943 1684 Empedoclis
963 1603 1198 1685 interpretatio·

97 1730 171 1777 nem
200 1711 232 1776 S.
258 1710 353 1794 §¹122
387 1713 426 1778 iis
460 1713 597 1796 opponit,
621 1730 700 1794 quos
722 1712 921 1795 Ernpedoclis
943 1705 1108 1801 κριτήριον
1130 1731 1198 1778 sen·

97 1839 152 1886 sus
176 1820 293 1887 dixisse
315 1818 395 1886 falso
418 1822 589 1887 contendit.
636 1823 717 1887 Nam
743 1821 801 1887 hoc
833 1822 960 1902 quidem
982 1826 1117 1904 apparet
1139 1823 1198 1887 Po·

98 1929 254 1995 sidonium
276 1949 347 1995 cum
369 1949 474 1995 rerum
497 1935 646 1996 naturam
670 1931 792 1996 ratione
821 1935 957 2013 cognata
986 1931 1105 2014 percipi
1134 1936 1198 1998 sta·

101 2043 208 2103 tueret
230 2038 262 2120 (ἓ
277 2041 342 2117 93),
364 2058 514 2106 versuum
532 2038 656 2104 illorum
674 2040 864 2105 sententiam
879 2040 1036 2123 explicare
1050 2041 1197 2106 voluisse.

98 2147 251 2214 Veritatis
273 2153 381 2214 autern
402 2148 552 2214 iudicium
576 2148 635 2214 hoc
655 2137 747 2213 modo
769 2147 877 2229 posuit
892 2149 921 2211 in
938 2149 1068 2215 ratione.
1095 2149 1196 2227 Quam

98 2256 225 2337 quidem
241 2257 431 2322 sententiam
452 2257 496 2320 illi
519 2257 634 2339 quibus
659 2255 740 2320 hunc
763 2255 899 2321 alterum
922 2255 1023 2321 locum
1044 2257 1074 2322 S.
1096 2258 1198 2339 debet,

98 2381 294 2445 quamquam
314 2384 354 2430 ex
373 2364 535 2430 Posidonii
562 2365 785 2430 commentario
814 2381 919 2428 rerum
942 2365 1086 2430 notitiam
1111 2385 1198 2433 acce·

98 2480 222 2555 perant,
256 2473 464 2556 reprobantes
495 2474 555 2556 ipsi
588 2493 658 2540 eam
685 2491 828 2555 posuere,
865 2477 901 2537 ut
924 2489 981 2538 sex
1002 2474 1067 2540 illis
1089 2493 1196 2541 rerum

97 2583 259 2666 principiis
284 2583 417 2649 totidem
444 2583 591 2671 κριτήρια
617 2564 808 2663 respondere
837 2582 987 2648 dicerent.
1050 2578 1198 2650 Dubitari

97 2698 289 2758 autemnon
312 2696 426 2773 potest,
450 2691 525 2773 quin
548 2692 618 2757 Pos.
647 2708 684 2756 eo
710 2690 778 2756 loco
801 2689 1001 2773 Empedoclis
1027 2710 1136 2759 uersus
1157 2712 1199 2758 ex

97 2819 157 2865 sua
176 2799 275 2881 ipsius
297 2801 455 2867 sententia
478 2801 676 2883 expediverit.
732 2801 847 2882 ltaque
881 2819 952 2867 cum
984 2801 1105 2866 duobus
1136 2802 1199 2867 illis

96 2909 174 2976 locis
197 2911 277 2974 inter
292 2928 326 2976 se
338 2911 470 2991 collatis,
494 2929 576 2992 quae
597 2909 663 2975 fere
680 2910 752 2978 Pos.
766 2911 804 2975 in
821 2911 1047 2977 commentario
1068 2912 1199 2993 seripse-

96 3019 148 3098 rit‚
173 3026 334 3102 appareat,
358 3020 389 3084 id
410 3020 496 3101 quod
517 3021 715 3102 probandum
737 3025 807 3086 erat
829 3026 964 3088 constat.

198 3127 242 3192 m
263 3135 298 3194 ut
314 3128 354 3194 ad
366 3130 528 3196 Laertium
548 3132 724 3210 redeamus
750 3148 811 3196 non
826 3130 936 3196 dubito
952 3132 1030 3197 illud
1042 3129 1200 3194 Στωϊκῶν

97 3239 148 3305 rel
171 3238 290 3304 Laertii
311 3238 409 3319 ipsius
434 3239 485 3304 rel
507 3241 646 3305 auctoris
673 3239 741 3306 eius
762 3239 905 3306 inscitiae
927 3241 1076 3306 tribuere.
1110 3239 1196 3305 Posi·

98 3347 210 3413 donius
224 3347 323 3430 igitur
338 3367 409 3414 cum
423 3349 575 3416 scriberet
587 3347 666 3431 περὶ
678 3347 845 3434 κριτηρίου
867 3350 963 3415 etiam
987 3348 1198 3428 antiquiorum

98 3458 274 3522 sententias
303 3460 473 3524 memoriae
499 3458 646 3541 prodidit,
679 3458 736 3524 hos
765 3463 870 3524 autem
894 3457 1054 3523 intellexit
1082 3455 1199 3538 Empe-

98 3566 220 3631 doclem
244 3565 462 3650 Pythagoreos
484 3568 648 3635 Platonem
662 3568 695 3648 ¹).

199 3675 256 3742 His
291 3675 470 3742 constitutis
502 3675 542 3741 ad
572 3675 706 3740 alteram
734 3673 795 3740 cic.
823 3673 1048 3755 disputationis
1073 3676 1196 3752 partem

202 3933 223 4004 ¹)
248 3934 321 4001 Quos
344 3929 477 3994 ’παλαιοὺς
498 3935 543 3989 vel
575 3930 704 4006 ἀρχαίους
724 3933 894 4004 posteriores
919 3930 1077 4002 significare
1104 3931 1200 3986 solitos

99 4048 158 4084 esse
181 4031 314 4100 exemplis
338 4031 502 4086 confirmare
527 4049 596 4100 opus
619 4049 676 4085 non
699 4036 749 4085 est.
795 4030 890 4084 Etiam
913 4029 1137 4097 comparativum
1160 4027 1200 4082 sio

97 4126 168 4196 poni
186 4132 305 4197 apparet
329 4145 362 4182 ex
388 4127 462 4182 Sext.
481 4127 544 4182 adv.
562 4128 650 4182 math.
669 4127 718 4198 XI,
738 4128 773 4182 30
797 4125 908 4198 (οἱμὲν
930 4118 1105 4196 ἀρχαιότεροι
1126 4123 1199 4194 [Pla-

98 4224 199 4292 tonici]
219 4229 399 4294 opponuntur
417 4223 536 4290 Stoicis).
