2828 4868
656 293 696 356 39

120 495 186 544 non
206 481 358 560 tanquam
382 496 483 558 suum,
515 478 570 544 sed
592 477 687 543 altius
711 495 822 542 verum
845 475 1033 542 intuentium
1055 474 1147 542 affert
1169 474 1220 557 (ci.

121 587 219 653 etiam
243 587 370 652 Lobeck
388 585 459 669 Agl.
482 588 515 651 Π
536 606 565 668 p.
584 586 668 666 796).
711 584 832 650 Deinde
854 589 891 650 ut
912 584 972 651 (lic.
996 585 1027 650 in
1051 584 1069 666 ἕ
1092 586 1131 650 51
1152 603 1219 652 cor·

119 691 184 781 pus
206 702 359 778 tanquam
392 695 528 762 alienam
551 695 646 760 animi
675 693 804 760 domum
825 699 926 774 vocat,
956 695 1003 760 ita
1026 693 1146 761 Seneca
1168 712 1219 776 ep.

121 808 194 884 120,
213 808 252 871 16
283 824 341 872 uos
366 805 398 870 in
420 806 522 871 alieno
543 804 689 870 habitare
711 822 769 871 nee
792 803 826 887 (ὅ
840 805 892 885 14)
914 802 1040 868 domum
1056 804 1111 870 sed
1125 805 1221 870 breve

119 914 294 1000 hospitium
329 933 441 997 corpus
475 932 545 980 esse
582 911 729 978 affirmat.
781 911 825 978 Et
857 913 1092 979 animadvertas
1125 913 1219 979 velim

121 1025 220 1090 etiam
237 1025 351 1090 horum
373 1024 512 1089 locorum
535 1040 734 1089 consensum:
757 1023 847 1089 Tusc.
870 1021 976 1104 1575
997 1020 1017 1087 ‘.
1032 1070 1038 1085 .
1054 1020 1127 1103 quid
1150 1027 1219 1087 tum

119 1133 256 1217 agimus,
278 1132 338 1198 nisi
361 1133 499 1197 animum
525 1180 531 1195 .
555 1181 563 1195 .
589 1148 696 1196 secum
730 1148 798 1196 csse
821 1130 961 1210 cogimus
979 1129 1219 1212 maximeqnea

120 1260 251 1323 corpore
273 1239 506 1319 abducimusl’‚
540 1240 579 1305 de
601 1238 662 1305 div.
685 1239 712 1320 I,
736 1239 813 1303 111:
842 1236 966 1303 ‘rarum
989 1242 1040 1305 est
1061 1238 1219 1321 quoddam

119 1369 221 1434 genus
243 1367 362 1432 eorum,
385 1349 439 1430 qui
464 1366 498 1414 se
520 1367 539 1413 a
561 1363 691 1428 corpore
706 1351 837 1413 avocent
853 1352 885 1413 et
907 1348 946 1413 ad
969 1347 1145 1414 divinarum
1170 1365 1217 1412 re·

120 1479 192 1525 rum
213 1460 422 1542 coguitionem
446 1507 454 1523 .
478 1506 485 1522 .
511 1455 701 1537 rapiantur,
734 1454 805 1522 Sen.
827 1475 874 1538 ep.
896 1456 945 1535 88,
971 1456 1024 1521 10:
1065 1454 1131 1520 ‘vir
1152 1474 1218 1520 ma-

118 1577 208 1652 gnus
227 1587 266 1635 ae
297 1569 435 1651 prudens
456 1566 594 1631 animum
618 1564 737 1631 diducit
758 1583 778 1628 a
804 1565 956 1647 corpere‘.
990 1565 1153 1631 Postremo
1176 1564 1217 1629 ad

118 1677 253 1744 eundem
279 1676 419 1743 Platonis
441 1675 554 1755 locum,
577 1675 631 1757 qui
654 1675 726 1740 huic
748 1673 811 1740 Cic.
834 1674 903 1738 leco
924 1672 1044 1750 subest,
1073 1678 1218 1754 spectant

120 1805 204 1868 quae
227 1786 311 1869 apud
333 1785 405 1852 Sen.
429 1783 469 1849 ad
493 1785 590 1850 Marc.
614 1783 767 1863 mma
788 1784 954 1865 leguntur:
982 1780 1055 1848 ‘nec
1078 1799 1218 1862 unquam

118 1896 243 1976 magnis
266 1894 396 1977 ingeniis
430 1913 505 1960 cara
535 1893 566 1956 iu
598 1911 729 1976 corpore
761 1911 851 1958 mora
881 1897 938 1958 est.
997 1891 1094 1956 Exire
1122 1897 1218 1973 atquc

119 2021 288 2087 erumpere
310 2003 462 2088 gestiunt,
494 2021 589 2084 aegre
621 2001 679 2067 has
716 2001 881 2083 angustias
909 2000 1025 2084 ferunt,
1058 2003 1131 2083 vagi
1161 2020 1218 2083 per

118 2131 220 2194 omne,
252 2113 402 2179 sublimes
424 2117 517 2178 etex
540 2112 606 2178 alto
626 2112 751 2177 adsueti
781 2110 920 2177 humana
938 2111 1114 2193 despicere:
1138 2109 1218 2196 ,inde

119 2227 171 2288 est
193 2221 277 2302 quod
298 2221 391 2287 Plato
414 2220 530 2286 clamat
567 2218 719 2303 sapientis
742 2219 880 2284 animum
902 2223 1006 2286 tetum
1029 2220 1061 2283 in
1083 2224 1217 2284 mortem

116 2329 307 2413 prominere,
329 2327 490 2407 haerede,
512 2328 570 2394 hoc
582 2328 738 2409 meditari,
761 2327 821 2394 hac
839 2347 962 2411 semper
980 2327 1124 2412 cupidine
1141 2327 1218 2393 terri

116 2441 151 2505 in
174 2439 331 2506 exteriora
353 2438 564 2505 tendentem’.
619 2439 671 2503 Ita
702 2437 784 2502 inter
805 2435 985 2504 Ciceronem
1008 2443 1041 2504 et
1063 2437 1216 2505 Senecam

116 2548 227 2616 multis
250 2548 329 2614 locis
350 2552 422 2612 urta
444 2546 600 2628 quaedam
620 2547 847 2612 sententiarum
864 2547 1063 2613 necessitudo
1084 2548 1216 2613 interce-

117 2658 176 2735 dit,
199 2657 286 2723 euius
306 2673 402 2721 eausa
424 2655 488 2721 alia
510 2672 573 2720 non
595 2659 644 2720 est
660 2671 755 2736 quam
771 2655 855 2736 quod
867 2660 1001 2737 uterque
1013 2655 1216 2722 Posidonium
1330 2695 1334 2702 ·

116 2770 247 2834 secutus
272 2770 331 2832 est.

222 2875 338 2941 Restat
359 2878 397 2938 nt
417 2890 553 2956 quonum
577 2873 659 2938 libro
674 2872 833 2940 Posidonii
843 2872 951 2940 Cicero
969 2890 1045 2939 usus
1067 2873 1108 2940 sit
1122 2890 1218 2956 quae·

116 3003 236 3051 ramus.
281 2983 372 3061 Quod
396 2981 522 3064 quidem
545 3000 613 3066 ego,
635 2979 745 3062 fateor,
768 2999 921 3064 quaerere
943 2981 1061 3047 distuli.
1106 2981 1215 3062 Neque

116 3096 177 3160 hoc
196 3098 274 3176 puto
295 3091 463 3175 disceptari
486 3109 587 3172 posse,
620 3109 689 3156 cum
721 3108 761 3154 ne
789 3091 883 3157 iudex
910 3091 1037 3172 quidem
1063 3091 1214 3157 librorum

116 3203 398 3270 Posidonianorum
413 3204 526 3267 exstet.
558 3199 708 3266 Fortasse
731 3219 768 3266 er
789 3199 869 3265 libro
890 3199 969 3284 περὶ
990 3201 1101 3284 ψυχῆς
1120 3219 1215 3284 quem

118 3316 346 3377 commemorat
379 3309 569 3376 Eustathius
598 3327 709 3374 comm.
744 3307 774 3373 in
809 3308 901 3374 Hom.
933 3329 964 3392 p.
989 3309 1061 3390 910,
1093 3310 1134 3374 40
1167 3309 1214 3374 ed.

116 3422 209 3486 Rom.
231 3437 313 3504 quae
336 3419 527 3501 placuissent
548 3437 620 3484 cum
637 3412 778 3484 hausisse
797 3422 966 3501 propterea
987 3418 1150 3501 probabile
1171 3418 1215 3485 ui·

119 3529 243 3609 deutur,
277 3527 362 3608 quod
396 3528 551 3610 quasdam
573 3525 613 3593 ad
635 3527 775 3592 animum
798 3527 992 3608 pertinentes
1013 3528 1216 3608 quaestiones

86 3671 90 3684 ·
116 3657 180 3704 non
192 3641 371 3721 pertractat
385 3637 522 3717 quidem,
544 3637 600 3701 sed
622 3638 668 3701 ita
689 3636 803 3718 tangit,
825 3641 861 3702 ut
882 3636 976 3717 plura
997 3636 1083 3716 apud
1105 3641 1215 3702 aucto-

116 3766 186 3813 rem
210 3765 302 3813 snum
327 3745 442 3828 legisse
463 3746 619 3824 videatur,
642 3751 680 3810 ut
704 3747 735 3810 in
759 3746 777 3825 ξ
800 3745 858 3810 67:
900 3739 981 3810 ‘non
1003 3744 1088 3810 videt
1109 3751 1216 3812 autem

113 3856 254 3939 formum
276 3874 366 3921 suam
390 3891 428 3902 -—
453 3872 645 3938 quamquam
666 3853 803 3920 tortasse
827 3855 856 3918 id
880 3872 1014 3938 quoqne,
1048 3854 1103 3921 sed
1123 3854 1215 3919 relin-

116 3960 286 4046 quamus’;
307 3964 340 4028 in
363 3964 448 4043 §toz
469 3961 515 4028 ‘in
530 3981 591 4044 qno
611 3964 710 4046 igitur
725 3964 790 4030 loeo
809 3964 880 4029 est?
903 3963 995 4029 credo
1016 3963 1163 4045 equidem
1184 3963 1215 4027 in

116 4073 220 4155 capite
241 4077 274 4139 et
295 4091 351 4137 cnr
373 4074 500 4139 credam
522 4071 647 4138 adferre
659 4091 797 4155 pessum.
824 4072 885 4140 Sed
908 4073 988 4139 alias
1009 4073 1062 4138 ubi
1085 4073 1215 4154 sitjani-

116 4182 217 4247 musl'
243 4181 361 4247 Tamen
374 4182 574 4249 indoleseius
590 4181 662 4249 libri
675 4182 770 4264 plane
791 4181 900 4263 ignota
923 4187 984 4249 est:
1006 4182 1213 4265 quamobrem
