2828 4868
776 321 817 387 36

245 504 348 581 detur.
392 506 592 590 Quamquam
625 505 719 573 simul
752 504 888 571 Phaedr.
911 505 951 571 80
966 505 994 569 E
1012 523 1090 587 sqq„
1120 522 1215 587 quem
1239 505 1342 570 locum

245 616 337 681 Hein.
360 613 487 693 confert,
511 615 627 697 quippe
650 615 704 696 qui
725 614 808 697 apud
821 613 988 680 Platonem
1009 619 1079 680 arte
1102 615 1283 681 coniunctus
1302 617 1342 679 sit

246 743 316 789 curn
339 743 375 790 eo
398 729 585 807 argumento
621 723 869 790 immortalitatis
900 724 994 789 animi
1018 724 1100 805 quod
1130 723 1222 789 modo
1244 725 1340 807 expli-

244 834 394 907 cavimus,
433 833 536 898 animo
569 833 636 899 eius
669 832 907 900 obversabatur.
963 833 1069 915 Atque
1102 852 1184 915 quae
1211 851 1248 898 eo
1274 832 1341 898 loco

244 943 449 1023 disputantur
476 941 573 1008 etiem
607 942 759 1008 similiora
786 947 860 1006 sunt
889 942 916 1006 ei
944 943 1130 1022 sententiae,
1153 961 1249 1022 quarn
1271 943 1341 1007 Pos,

245 1051 474 1131 antiquissimis
497 1051 559 1117 illis
580 1069 659 1134 quos
681 1051 815 1132 putabat
842 1050 1037 1132 philosophis
1059 1052 1242 1118 attribuisse
1265 1051 1341 1116 vidi-

245 1179 330 1225 mus:
354 1159 456 1227 claroa
478 1160 563 1226 viros
595 1162 629 1226 et
660 1158 795 1225 feminas
824 1161 857 1224 iu
878 1159 997 1224 caelum
1021 1161 1200 1240 ascendere,
1222 1165 1342 1225 ceteros

245 1268 332 1334 humi
352 1269 494 1334 retineri:
518 1268 597 1335 810
618 1263 637 1356 ἦ
659 1267 792 1354 τοιαύτη
819 1263 907 1354 ψυχὴ
925 1249 1099 1354 βαρύνὲταί
1120 1267 1231 1333 τεκαὶ
1254 1265 1341 1333 ἕλκε-

243 1400 298 1441 ται
320 1370 419 1442 πάλιν
441 1371 567 1455 rigerio
590 1373 708 1460 ὁρατὸν
734 1373 848 1443 τόπον.
893 1378 1011 1455 Quibus
1034 1378 1147 1445 similia
1172 1379 1269 1444 etiam
1290 1378 1342 1443 Se-

243 1505 321 1552 neca
343 1486 501 1552 interdurn
534 1485 672 1566 profert:
698 1505 747 1570 ep.
763 1487 867 1568 90‚3o
898 1483 1066 1568 ‘lauimus)
1099 1485 1259 1570 perfertur
1291 1488 1341 1551 illo

243 1597 285 1674 (in
301 1596 447 1679 caelum),
470 1595 498 1662 si
511 1596 590 1660 vitio
604 1616 668 1661 non
683 1585 882 1677 deprimens,
900 1596 950 1660 ad.
963 1595 1053 1661 Helu.
1068 1597 1116 1674 11,
1130 1599 1165 1662 6;
1184 1590 1342 1663 ‘sincerus

243 1705 367 1770 animus
380 1723 427 1797 ao
445 1709 580 1770 naturae
593 1722 670 1768 suae
690 1723 818 1783 memor,
838 1703 913 1770 levis
924 1705 1001 1785 ipse
1018 1725 1129 1787 capes
1150 1712 1182 1772 et
1202 1707 1342 1788 quaudo·

242 1830 303 1892 que
324 1812 457 1878 emissus
478 1808 576 1877 fuerit
600 1812 642 1877 ad
669 1830 793 1878 summa
815 1810 1031 1894 emicaturus’,
1052 1814 1093 1879 ad
1117 1813 1213 1880 Marc.
1237 1816 1340 1895 23,1:

239 1913 442 1986 ‘facillimum
466 1920 507 1985 ad
529 1939 659 2003 superos
681 1922 741 1986 iter
763 1926 812 1987 est
831 1922 943 1988 animis
966 1923 1027 1988 cito
1050 1923 1089 1986 ab
1111 1922 1251 1989 humana
1271 1943 1340 1990 con-

242 2031 422 2096 versatione
444 2029 586 2096 dimissis.
632 2030 797 2095 Minimum
822 2030 905 2096 enirn
922 2031 1022 2111 foecis
1043 2038 1209 2098 remeent
1224 2084 1230 2098 .
1246 2083 1278 2099 ..
1302 2033 1341 2099 le·

243 2139 344 2204 olores
360 2136 400 2203 ad
423 2137 575 2219 originem
591 2155 682 2203 suam
698 2139 864 2204 revolant'.
908 2137 978 2204 Nou
994 2144 1102 2206 autern
1122 2141 1154 2204 iu
1170 2140 1341 2208 Phaedone

241 2247 363 2313 invenio
386 2245 470 2328 quod
493 2246 554 2312 Cic.
586 2248 617 2311 in
649 2247 727 2313 haee
751 2247 927 2314 induxerit:
949 2238 1030 2328 ‘qui'
1047 2299 1053 2314 .
1068 2298 1075 2314 .
1091 2256 1199 2318 esseut
1220 2251 1250 2315 in
1274 2270 1340 2318 cor·

240 2356 370 2436 poribus
392 2355 538 2420 humanis
560 2356 657 2422 vitam
677 2357 794 2421 imitati
814 2358 950 2442 deorum,
973 2358 1010 2422 iis
1031 2358 1071 2423 ad
1093 2359 1166 2424 illos
1187 2382 1208 2424 a
1230 2363 1341 2443 quibus

241 2469 340 2529 essent
367 2463 503 2544 profecti
542 2465 677 2530 reditum
712 2466 837 2532 facilem
874 2455 1007 2548 patere'.
1068 2466 1261 2544 Quibuscum
1303 2490 1340 2536 ex

242 2573 355 2639 Stoicis
378 2571 504 2653 scriptis
537 2574 617 2659 haec
648 2572 804 2640 conferas:
829 2574 868 2640 de
889 2575 919 2640 d.
945 2594 974 2640 n.
997 2575 1039 2655 Π,
1054 2577 1095 2640 37
1116 2569 1227 2642 ‘horno
1249 2583 1340 2644 ortus

241 2685 291 2747 est
306 2682 347 2748 ad
362 2683 514 2746 mundum
530 2682 804 2764 contemplandum
818 2690 849 2748 et
863 2678 1076 2762 imitandam’‚
1091 2684 1164 2752 Seu.
1180 2706 1227 2770 ep.
1238 2690 1291 2769 86,
1306 2690 1340 2754 l:

240 2784 397 2855 tani-mum
420 2790 487 2857 eius
500 2790 679 2874 (Scipionis)
702 2792 873 2871 incoatum,
897 2814 935 2858 ea
956 2814 1015 2876 quo
1028 2800 1105 2877 erat,
1129 2797 1247 2862 redisse
1269 2817 1339 2881 per·

239 2898 358 2966 suadeo
381 2889 481 2979 mihi’‚
507 2894 730 2979 120,15‘scit
752 2921 810 2983 qao
826 2901 966 2968 exitam
985 2904 1028 2968 sit
1049 2904 1103 2985 qai
1124 2907 1208 2971 ande
1220 2909 1340 2974 vomat

241 2998 407 3074 meminit'.
451 3009 493 3075 Iis
524 3029 606 3092 quae
638 3015 815 3090 sequuntur
837 3008 898 3075 Cic.
929 3029 999 3075 earn
1022 3014 1212 3079 senteutiam
1234 3016 1340 3099 expri-

241 3133 327 3181 mere
348 3116 466 3196 studet,
490 3136 584 3198 quam
609 3117 755 3184 Socrates
771 3118 934 3186 iuPhaed.
957 3139 987 3201 p.
999 3122 1040 3186 84
1053 3123 1079 3186 E
1094 3141 1161 3205 sqq.
1183 3123 1339 3190 delendit:

239 3242 300 3289 uon
334 3225 502 3307 lugendam
538 3231 672 3293 mortem
703 3228 759 3294 aad
795 3246 865 3293 curn
890 3227 1053 3310 voluptate
1086 3232 1339 3312 amplectendam

239 3353 317 3400 esse.
363 3334 555 3412 Quibuscum
587 3343 722 3419 apparet
752 3337 906 3403 sententia
928 3338 1052 3419 quidem
1076 3343 1146 3406 arte
1168 3341 1339 3409 cohaerere

239 3461 277 3508 ea
306 3462 388 3524 quae
409 3445 441 3508 in
470 3443 545 3526 §74
565 3452 740 3525 sequautur
768 3445 852 3512 male
878 3445 1044 3529 dirempta¹
1057 3449 1231 3517 interiectis
1254 3469 1339 3531 quae

239 3553 380 3633 planen
413 3571 448 3618 re
479 3561 561 3620 suut.
616 3555 704 3633 Quae
737 3555 863 3636 quidem
900 3555 1134 3622 Platonicorum
1166 3561 1336 3627 verborum

238 3679 349 3726 sonum
368 3662 513 3742 reddunt,
536 3664 590 3729 sed
606 3683 626 3728 a
644 3666 800 3730 sententia
815 3684 924 3731 eorum
947 3683 1043 3746 quarn
1061 3657 1197 3734 maxime
1220 3668 1338 3736 abhor-

238 3776 317 3837 rent.
364 3770 454 3848 Quod
478 3773 595 3852 optime
617 3774 774 3840 docebunt
794 3775 853 3841 loci
874 3775 933 3857 ipsi
958 3775 1041 3840 iuter
1065 3794 1098 3841 se
1120 3780 1306 3859 comparati.

404 3879 495 3946 Tusa.
513 3881 538 3961 Ι,
551 3881 600 3946 73.
935 3883 1053 3949 Phaed.
1075 3904 1105 3967 p.
1121 3887 1161 3951 99
1176 3886 1215 3951 D.

281 4006 339 4053 neo
362 4006 434 4053 vero
457 3990 496 4054 de
516 3989 574 4055 hoc
594 3991 762 4074 quisquam
857 3987 950 4072 ἔδοξέ
958 4015 1016 4074 μοι
1026 3989 1110 4075 μετὰ
1121 3998 1232 4077 ταῦτα,
1245 3991 1337 4063 ἔπει-

239 4096 384 4162 dubitare
393 4099 572 4182 posset‚nisi
581 4099 762 4166 idemnobls
813 4095 852 4184 δὴ
883 4091 1048 4186 α’πείρηκα
1082 4097 1124 4166 τὰ
1157 4104 1233 4169 ὄντα
1258 4128 1337 4172 σκο-

237 4205 392 4272 accideret
416 4205 580 4288 diligenter
595 4208 635 4273 de
654 4207 759 4274 animo
810 4197 893 4295 meio,
923 4210 993 4275 δεῖν
1024 4203 1259 4298 εὐλαβηθῆναι,
1288 4209 1335 4302 μὴ
