2828 4868
601 291 641 356 25

68 470 140 538 af.
164 472 335 555 coniungit.
380 471 471 550 Quod
504 453 550 539 ita
582 471 669 553 facit,
691 478 809 539 utnon
832 473 917 541 locos
939 474 1025 555 ipsos
1047 471 1168 553 afferat,

68 582 125 647 sed
160 581 412 648 circumscribere
441 586 474 647 et
504 581 665 649 illustrare
687 582 824 648 studeat.
870 583 939 661 Qua
970 584 1002 648 in
1031 603 1064 650 re
1093 601 1170 664 quo-

68 693 162 758 modo
179 692 284 759 Stoica
305 698 337 759 et
356 693 522 758 Platonica
544 692 675 759 contusa
697 696 812 778 essent,
837 693 917 758 idem
934 693 1064 759 Heinius
1090 692 1170 758 indi-

69 801 162 867 cavit.
205 799 288 867 Nam
316 798 440 878 ἐννοίας
467 801 536 866 illas
558 799 620 868 Cic.
645 822 664 867 a
687 801 800 867 Stoicis
828 802 973 884 sumpsit,
987 867 991 872 ,
1007 819 1087 881 quas
1113 801 1169 865 Ze·

67 927 183 976 nonem
208 909 286 976 ideis
306 911 508 976 substituisse
530 911 664 992 legimus
690 911 772 993 apud
787 910 873 976 Stob.
897 910 953 976 ecl.
973 910 989 975 I
1007 930 1037 992 p.
1054 908 1169 975 33211.

69 1019 270 1102 Quamquam
294 1037 347 1086 eos
370 1019 422 1084 ille
437 1019 512 1084 visis
535 1020 609 1084 oriri
631 1020 740 1100 voluit,
763 1019 823 1084 hoc
846 1020 916 1085 loco
937 1020 1062 1085 animus
1085 1022 1169 1082 attu-

69 1126 142 1193 lisse
166 1126 290 1193 dicitur.
325 1128 464 1195 Maxime
480 1133 587 1194 autem
608 1129 802 1207 mirabimur,
824 1146 906 1208 quae
926 1129 958 1193 in
975 1127 1046 1210 §59
1060 1129 1170 1209 legun·

70 1242 131 1301 tur.
166 1235 335 1303 Simonidis
356 1238 554 1320 aliorumque
575 1236 707 1304 mirifica
729 1237 879 1302 memoria
900 1238 995 1303 missa
1009 1234 1071 1303 Cic.
1087 1255 1171 1303 com·

73 1365 202 1412 munem
236 1345 398 1411 bominum
431 1348 616 1412 memoriam
648 1347 839 1424 admiratur,
873 1347 926 1430 qui
971 1352 1037 1411 tam
1069 1346 1171 1410 multa

70 1455 279 1535 meminerint,
312 1459 349 1520 ut
376 1461 497 1536 quanta
519 1474 627 1521 eorum
650 1474 737 1521 mens
759 1457 809 1539 sit,
841 1453 966 1520 difficile
997 1455 1038 1520 sit
1064 1455 1170 1521 existi·

72 1581 170 1628 mare.
209 1563 330 1642 Quibus
352 1565 431 1630 satis
453 1563 590 1630 ostendit
612 1581 647 1629 se
668 1583 708 1629 ne
730 1562 917 1630 intellexisse
941 1563 1067 1645 quidem
1089 1581 1171 1643 quae

70 1674 164 1738 modo
186 1678 376 1756 exposuerat
397 1674 505 1756 itaque
528 1673 595 1755 ipse
614 1691 652 1736 ex
673 1671 806 1737 Platone
827 1672 990 1754 collegisse
1011 1672 1171 1754 putandus

71 1801 133 1848 non
157 1788 215 1849 est.

172 1893 293 1958 Auctor
309 1891 407 1973 igitur
417 1889 574 1958 Ciceronis
586 1889 760 1956 Stoicorum
775 1891 961 1956 seutentiam
975 1909 1014 1956 ex
1029 1907 1092 1970 qua
1108 1907 1171 1954 me-

72 2002 172 2066 moria
184 2000 259 2066 visis
270 2001 430 2083 impressis
450 2001 551 2066 oritur
563 1999 663 2084 (Plut.
683 2001 761 2081 plac.
786 1999 839 2079 IV,
856 1996 910 2083 11)
932 1999 1114 2080 improbans
1134 2003 1171 2064 ut

71 2131 111 2178 ex
134 2110 238 2176 verbis
260 2112 335 2191 §61
370 2114 516 2191 apparet:
554 2109 614 2173 ‘an
637 2109 773 2191 imprimi
793 2107 884 2188 quasi
908 2127 1012 2174 ceram
1032 2109 1171 2173 animum

71 2224 222 2303 putamus
234 2226 267 2284 et
278 2237 347 2286 esse
359 2220 541 2284 memoriam
554 2219 750 2298 signatarum
768 2235 873 2283 rerum
894 2217 926 2280 in
949 2221 1055 2282 mente
1077 2217 1171 2283 vesti-

72 2321 150 2414 gia²‚
172 2348 277 2395 rerum
293 2329 434 2395 notiones
453 2330 485 2393 in
501 2327 615 2393 animis
639 2327 750 2392 insitas
772 2331 805 2392 et
825 2326 951 2392 innatas
975 2343 1043 2391 esse
1065 2327 1172 2407 itaqua

72 2440 214 2506 animum
233 2445 410 2519 antequam
432 2437 526 2503 homo
550 2441 733 2502 nasceretur
758 2455 827 2502 esse
849 2437 979 2501 censuit.
1009 2434 1174 2501 Summam

72 2555 181 2616 autem
202 2547 297 2614 buius
319 2547 499 2629 argumenti
533 2547 613 2612 hanc
636 2545 723 2611 fecit:
749 2545 870 2610 animos
891 2563 961 2610 cum
981 2563 1042 2610 non
1065 2562 1173 2611 nasce·

71 2665 185 2722 rentur
206 2676 267 2722 non
289 2675 382 2738 posse
403 2656 543 2722 interire.
587 2653 706 2722 Contra
728 2656 901 2722 Panaetius
928 2657 1044 2723 statuit
1065 2658 1098 2736 (ξ
1114 2657 1169 2738 79)

73 2765 197 2832 animos
221 2766 305 2830 nasci
328 2766 435 2844 itaque
458 2765 597 2831 interire.
641 2767 783 2847 Apparet
804 2765 903 2848 igitur
924 2765 950 2830 si
971 2763 1172 2843 quisStoico·

72 2895 144 2942 rum
167 2881 239 2956 post
260 2874 446 2940 Panaetium
474 2874 512 2940 de
534 2875 773 2940 immortalitate
801 2873 969 2956 scripserit,
993 2874 1022 2940 ei
1044 2879 1101 2940 aut
1123 2893 1172 2940 ra·

72 2981 241 3051 tutandum
263 2983 323 3048 hoc
344 2983 567 3065 argumentum
590 2983 686 3051 luisse
706 2989 764 3048 aut
789 3002 860 3049 cum
884 2983 1036 3048 Panaetio
1057 2983 1173 3048 facien·

73 3095 160 3158 dum.
205 3091 271 3157 lam
305 3092 440 3174 legimus
476 3093 562 3175 apud
581 3093 782 3158 Lactantium
807 3091 883 3173 (div.
906 3093 978 3158 inst.
992 3092 1051 3170 III,
1064 3093 1117 3174 18)
1140 3097 1173 3158 et

73 3203 300 3286 Pythagoricos
315 3205 349 3266 et
364 3201 492 3288 Stoicos,
515 3222 584 3268 cum
608 3204 757 3267 timerent
772 3207 993 3285 argumentum
1010 3201 1087 3266 illud
1111 3217 1172 3281 quo

72 3312 276 3392 colligeretur
300 3328 428 3376 necesse
449 3330 518 3378 esse
540 3318 575 3376 ut
598 3312 777 3377 occiderent
799 3313 923 3376 animae
945 3330 1015 3394 cum
1037 3312 1173 3393 corpori-

72 3424 140 3501 bus,
175 3422 251 3502 quia
283 3440 356 3487 cum
390 3422 570 3505 corporibus
604 3428 817 3500 nascerentur,
854 3422 970 3488 dixisse
992 3441 1055 3487 non
1085 3422 1173 3487 nasci

74 3533 196 3596 animas
219 3529 274 3596 sed
297 3531 451 3598 insinuari
474 3532 582 3614 potius
605 3533 635 3595 in
658 3549 799 3614 corpora.
822 3528 972 3596 Fortasse
993 3531 1091 3610 igitur
1113 3531 1172 3595 boc

73 3657 136 3705 nou
159 3639 371 3720 spernendum
407 3644 463 3705 est.
506 3638 588 3704 Nam
622 3640 746 3707 etiamsi
772 3640 813 3704 ab
836 3639 1065 3721 antiquioribus
1088 3643 1173 3705 certe

74 3748 189 3814 Stoicis
214 3747 350 3813 alienum
373 3754 431 3826 est,
454 3748 588 3814 tortasse
610 3755 682 3832 post
703 3748 890 3815 Panaetium
919 3749 1041 3814 exstitit
1063 3749 1174 3831 quint

73 3858 349 3923 immortalitatem
372 3858 547 3922 animorum
571 3861 721 3941 servaret,
744 3878 763 3923 a
783 3857 965 3942 Pythagora
987 3866 1019 3924 et
1039 3858 1174 3925 Platone

180 4101 201 4169 ¹)
222 4099 259 4154 cf.
279 4101 365 4155 etiam
385 4097 456 4155 Sext
472 4099 552 4172 Emp.
570 4099 630 4154 adv.
651 4100 737 4154 math.
759 4099 818 4169 VII,
837 4099 888 4152 372
899 4117 958 4170 sqq.
977 4099 1070 4154 Laert.
1091 4099 1174 4172 Diog.

76 4197 130 4253 VII
150 4197 184 4250 45
203 4200 232 4252 et
252 4197 293 4250 50.
650 4212 652 4216 ·
