2828 4868
617 329 656 393 13

83 528 283 578 communem
304 513 578 596 perturbationum
602 512 721 578 fontem
743 514 865 582 iunctas
888 515 1003 582 rationi
1026 515 1182 597 opposuit,

83 626 121 687 ut
144 623 284 687 animum
316 641 427 688 rursus
462 621 616 688 divideret
648 623 680 687 in
709 623 782 702 duo,
804 618 843 688 τὸ
863 619 1047 708 λογιστικόν
1069 618 1180 689 καὶτὸ

11 755 12 768 ’
83 724 273 816 παθητικόν
302 731 367 813 (ap.
390 729 460 796 Gai.
482 749 513 812 p.
529 731 590 796 445
617 724 698 816 αὕτη
720 726 780 815 γὰρ
802 722 921 817 οἷρίστη
954 734 1083 800 παίδων
1104 759 1182 800 νεαι-

11 919 13 934 5
83 838 154 905 doio
175 835 365 923 παρασκευή
389 841 448 904 τοῦ
469 839 696 925 παθητικοῦ
730 840 788 928 τῆς
810 843 917 931 ψυχῆς
939 835 984 920 ὥς
1008 836 1048 907 ib
1069 842 1182 931 ἐπιτη-

83 942 235 1034 δειοτάτη
267 934 287 1037 ᾖ
319 943 405 1031 πρὸς
434 943 493 1038 τὴν
523 940 623 1039 ἄρχὴν
656 952 719 1015 τοῦ
753 949 1020 1034 λογιστικοῦ).
1068 954 1182 1034 Itaque

11 1047 13 1112 i
82 1058 331 1141 perturbationis
363 1053 552 1144 παθητικὰς
583 1053 724 1148 κινήσεις
756 1061 930 1143 appellavit
958 1060 1006 1145 (p.
1028 1064 1089 1128 443
1120 1059 1182 1141 τοῖς

83 1162 273 1252 παθητικὰς
290 1161 439 1252 κινήσεις,
463 1162 548 1233 orium
566 1162 625 1253 γὰρ
642 1163 715 1234 ὁΠ.
740 1159 909 1251 ὀνομάζειν
931 1163 1078 1255 εἴωθεν),
1101 1191 1182 1254 quae

11 1347 13 1356 ,
83 1277 193 1359 quales
216 1283 331 1357 essent,
365 1296 384 1342 a
406 1277 545 1359 corporis
567 1277 679 1343 babitu
701 1277 839 1359 pendere
861 1278 961 1343 voluit
988 1280 1030 1359 (p.
1047 1280 1109 1345 442
1136 1273 1182 1358 ὥς

82 1387 149 1449 τῶν
169 1388 368 1470 παθητικῶν
388 1378 545 1472 κινήσεων
566 1385 627 1470 τῆς
649 1388 760 1472 ψυχῆς
781 1381 953 1470 ἑπομένων
974 1378 1026 1452 οέἱ
1048 1390 1088 1477 τῇ
1112 1388 1182 1453 dru-

83 1491 180 1560 θέσει
201 1497 262 1560 τοῧ
284 1490 461 1579 σώματος).

11 1677 13 1688 ,
184 1604 325 1682 Quacum
348 1606 504 1672 sententia
525 1606 616 1672 Tusc.
639 1607 727 1671 locus
749 1605 828 1671 bene
850 1607 1004 1689 congruit.
1048 1604 1131 1672 Nam
1153 1608 1181 1673 si

83 1696 179 1778 animi
211 1714 467 1797 perturbationes
505 1714 544 1779 ad
584 1716 723 1798 corporis
755 1715 899 1782 habitum
929 1713 1118 1796 referantur,
1145 1723 1182 1784 ut

11 1827 13 1896 ξ
82 1822 176 1889 huius
198 1826 386 1905 contagione
410 1843 499 1891 mens
531 1826 689 1906 turbetur,
721 1825 816 1891 animi
848 1825 986 1892 discessu
1008 1845 1028 1890 a
1050 1815 1182 1906 corpore

11 1929 12 1968 ³
83 1951 173 1998 mens
192 1932 329 2000 motibus
349 1933 411 2000 illis
432 1933 568 2000 turbidis
598 1935 760 1999 liberatur.
806 1933 895 2011 Quae
925 1934 1083 2002 Posidonii
1113 1952 1182 1999 sen-

11 2031 13 2108 Ῐ
82 2043 185 2108 tentia
207 2044 301 2108 ctiam
323 2043 400 2109 iocis
421 2043 609 2124 quibusdam
628 2044 702 2109 libri
723 2044 747 2110 1.
769 2044 808 2109 de
830 2042 1019 2109 divinatione
1040 2044 1183 2109 illustra-

11 2153 13 2168 '
82 2156 145 2231 tur,
168 2170 231 2232 quc
253 2153 283 2216 iu
306 2152 385 2217 libro
402 2151 580 2218 Ciceronem
604 2151 806 2218 Posidonium
829 2158 972 2218 secutum
994 2171 1062 2218 esse
1081 2171 1181 2234 nuper

11 2241 12 2274 ³
83 2259 191 2326 docuit
213 2258 377 2326 Schichius
408 2262 460 2339 (de
491 2257 569 2326 font.
592 2261 663 2328 libr.
684 2263 723 2327 de
745 2261 807 2326 div.
830 2262 926 2328 Ienae
949 2260 1044 2347 1875)
1065 2266 1097 2344 ¹).
1142 2261 1180 2326 in

185 2506 206 2575 ¹)
225 2505 301 2572 Quae
319 2505 393 2560 inter
411 2505 432 2558 I.
451 2503 531 2558 Tusc.
550 2508 579 2558 et
603 2504 624 2557 I.
643 2505 678 2559 de
705 2505 761 2559 div.
789 2505 939 2562 intercedit
966 2507 1094 2577 cognatio
1118 2526 1181 2563 eum

81 2604 118 2657 'ad
131 2607 257 2658 nostram
270 2603 487 2672 disputationem
500 2620 556 2656 non
568 2601 714 2656 minimum
733 2604 836 2672 valeat,
853 2609 885 2658 ut
897 2605 1078 2674 intellegatur
1097 2623 1181 2674 quam

81 2701 112 2752 in
131 2699 297 2769 explicanda
317 2700 441 2754 naturali
467 2700 640 2754 divinatione
664 2700 758 2754 Cicero
782 2704 915 2768 sequatur
936 2700 1181 2763 ratiocinationem

82 2796 227 2850 Posidonii
246 2815 312 2866 esse,
332 2814 403 2866 quae
425 2801 591 2867 argumenta
604 2797 673 2851 mihi
690 2797 856 2867 gravissima
875 2814 932 2850 esse
950 2797 1082 2851 videntur
1097 2815 1181 2866 quam

81 2911 196 2963 possum
213 2893 377 2948 brevissime
396 2911 542 2963 exponam.

183 2989 282 3044 Totam
295 2991 329 3044 de
342 2991 398 3044 div.
411 2990 478 3043 libri
490 2990 512 3044 1.
531 2991 802 3060 argumentationem
820 3008 836 3043 a
855 2989 957 3044 Stoicis
976 3007 1005 3044 se
1023 2991 1181 3058 sumpsisse,

82 3087 211 3156 exempla
230 3087 366 3156 quaedam
384 3087 475 3156 ipsum
495 3088 634 3141 addidisse
654 3087 708 3140 Cic.
727 3087 764 3154 II,
783 3089 799 3140 8
830 3086 948 3141 indicat:
986 3085 1131 3141 ‘accurate
1149 3091 1181 3140 tu

82 3184 197 3252 quidem
215 3183 326 3251 Quinte,
353 3187 381 3237 et
407 3184 489 3237 stoice
506 3183 654 3238 Stoicorum
684 3184 850 3238 sententiam
878 3182 1029 3238 defendisti
1052 3183 1182 3251 quodque

81 3297 128 3334 me
145 3280 267 3334 maxime
286 3280 406 3335 delectat
423 3281 553 3349 plurimis
571 3280 672 3334 nostris
691 3280 819 3350 exemplis
837 3297 901 3334 usus
921 3274 970 3333 es'.
998 3279 1098 3348 Itaque
1119 3296 1182 3333 cum

82 3377 233 3446 Cratippus
259 3377 463 3447 Peripateticus
490 3378 618 3447 pluribus
646 3377 713 3431 locis
742 3377 828 3448 (§70,
849 3377 911 3444 113)
942 3380 1181 3444 commemoretur,

73 3491 139 3528 ¹non
166 3473 231 3529 licet
259 3492 366 3529 sumere
388 3475 549 3529 Ciceronem
578 3475 613 3528 ab
636 3474 689 3528 hoc
708 3478 872 3544 argumenta
891 3473 977 3527 etiam
995 3473 1107 3527 nomine
1125 3491 1182 3527 non

81 3569 193 3623 adiecto
211 3573 370 3623 mutuatum
382 3588 447 3625 esse.
480 3570 566 3624 Recte
585 3570 673 3641 igitur
692 3567 834 3626 Schiehius
852 3587 879 3638 p.
891 3569 926 3622 24
938 3568 1181 3622 Wachsmuthium

81 3666 250 3734 (Ansichten
268 3666 318 3720 der
336 3666 447 3720 Stoiker
467 3667 536 3721 iiber
554 3667 663 3721 Mantik
682 3667 739 3721 und
758 3666 912 3736 Diimonen)
931 3665 1083 3734 vituperat,
1107 3665 1181 3733 quod

82 3763 249 3831 Cratippum
269 3761 324 3817 Cic.
343 3763 373 3815 in
392 3763 471 3830 §110
490 3763 568 3831 sequi
590 3763 748 3817 contendat.
783 3763 853 3816 Nam
874 3762 955 3816 initio
975 3780 1035 3831 cap.
1054 3764 1088 3816 49
1106 3761 1181 3815 redit

81 3859 184 3926 oratio,
213 3863 245 3912 ut
267 3859 321 3912 Cic.
348 3859 407 3928 ipse
426 3858 573 3930 significat,
601 3859 636 3913 ad
656 3877 714 3929 cap.
739 3861 782 3927 39,
808 3859 837 3912 in
865 3877 919 3928 quo
942 3877 999 3912 non
1023 3875 1072 3912 cur
1101 3856 1181 3912 fieret

82 3957 206 4026 quidque
234 3954 282 4010 sed
306 3954 386 4009 fieret
413 3972 499 4010 necne
521 3954 609 4023 fieret,
637 3956 827 4023 quaerendum
850 3973 909 4010 esse
927 3957 1065 4008 statuerat
1084 3952 1109 4022 (ἓ
1127 3952 1180 4023 86).

81 4054 142 4108 Iam
170 4071 237 4107 vero
266 4052 351 4106 etiam
369 4053 508 4107 rationem
526 4052 707 4106 divinationis
726 4070 755 4106 se
774 4052 925 4106 allaturum
944 4069 1002 4106 esse
1022 4048 1181 4119 profitetur.

80 4151 120 4204 Et
138 4154 215 4205 recte
233 4149 376 4205 Schichius
394 4154 489 4204 monet
502 4154 651 4219 utrumque
662 4149 841 4204 divinationis
859 4167 946 4219 genus
965 4147 1098 4202 hocloco
1116 4163 1180 4214 pro-

79 4247 154 4316 bari,
173 4265 236 4302 cum
254 4248 373 4301 alterum
392 4265 408 4301 a
428 4247 561 4316 Cratippo
580 4247 714 4302 reiectum
732 4247 776 4302 sit.
804 4249 931 4316 Apparet
949 4244 1037 4315 igitur
1057 4241 1181 4296 Stoicum
