2828 4868
582 315 643 379 *15

73 498 175 564 mutto
195 497 298 582 mopie
316 497 413 579 foetet
430 503 503 579 post
523 503 661 574 mortem,
684 516 754 564 oum
775 499 901 564 omnino
923 515 1054 581 corpore
1067 517 1175 567 exces-

72 595 170 673 serit?

173 715 216 780 Ut
236 734 310 781 uero
342 715 469 781 omnino
502 717 533 782 in
560 715 609 784 his
630 717 703 784 Pos.
725 716 890 782 Platonica
911 718 942 782 in
963 737 1053 782 suum
1077 736 1170 783 usum

71 827 177 904 vertit,
200 827 353 892 sicetiam
369 826 428 893 hoo
446 827 536 892 Tusa.
560 827 628 892 loco
643 826 821 892 Phaedonis
843 829 1040 908 potissimum
1064 826 1170 893 memi-

70 937 211 1000 nerimus
231 942 269 1000 ut
289 955 319 1018 p.
335 937 372 1000 81
389 936 428 1000 A:
452 926 572 1000 οάκοῦν
606 929 692 1000 οὕτω
722 934 782 1018 μὲν
804 932 924 1016 ἔχουσα
950 932 1019 1018 (ἒάν
1039 932 1171 1019 καθαρὰ

71 1037 314 1129 ἀπαλλάττηται
337 1038 355 1132 ἦ
379 1038 486 1133 ψυχή)
508 1041 555 1122 εἰς
575 1040 614 1109 τδ
638 1039 754 1127 ὅμοιον
776 1037 858 1135 αὐτῇ
881 1041 919 1111 τά
941 1045 1047 1124 ἀειδὲς
1069 1037 1172 1128 ἀπέρ-

70 1176 169 1236 χεται,
193 1148 232 1218 τά
245 1146 343 1217 θεῖόν
364 1175 399 1216 τε
418 1151 473 1216 καὶ
494 1147 665 1238 φρόνιμον,
690 1142 726 1217 οἷ
739 1143 922 1241 ἀφικομένῃ
937 1147 1076 1236 ὑπάρχει
1090 1144 1171 1243 αάτῇ

72 1254 240 1343 εὐδαίμονι
261 1253 344 1327 εἶναι
376 1257 502 1346 πλάνης
535 1261 590 1326 καὶ
622 1254 735 1341 ἀνοίας
756 1262 810 1327 καί
832 1257 949 1350 φόβων
976 1262 1030 1327 καί
1050 1254 1170 1345 ἀγρίων

73 1366 209 1454 ἐρώτων
229 1371 284 1436 καὶ
305 1373 372 1434 τῶν
393 1360 500 1434 ἀλλων
529 1373 638 1435 κακῶν
666 1374 734 1435 τῶν
761 1363 985 1454 ἀνθρωπίνων
1006 1363 1171 1456 ἀπηλλαγ-

69 1481 160 1569 μένῃ.
205 1481 403 1563 Quamquam
426 1481 501 1562 quid
524 1481 651 1548 intersit
672 1500 799 1548 mouere
822 1501 884 1547 non
907 1500 985 1564 opus
1007 1484 1064 1546 est.
1088 1481 1168 1546 Nam

72 1612 141 1658 oum
166 1591 250 1674 apud
274 1591 439 1656 Platonem
465 1596 498 1656 et
521 1593 645 1658 animus
668 1598 701 1658 et
722 1593 862 1657 divinum
887 1592 964 1657 illud
986 1591 1049 1656 sint
1063 1580 1168 1676 ἀειδῆ,

70 1703 141 1767 Pos.
165 1701 288 1766 animos
319 1701 351 1764 in
381 1701 503 1766 caelum
535 1701 636 1766 elatos
670 1701 701 1764 in
734 1703 843 1767 eadem
872 1701 1051 1767 condicione
1072 1704 1170 1780 atque

71 1812 176 1876 sidera
197 1809 304 1874 divina
325 1809 424 1890 ponit.

170 1941 276 2006 Etiam
300 1962 338 2009 ea
360 1961 443 2024 quae
458 1948 638 2024 sequuntur
653 1961 672 2006 a
689 1942 707 2021 ξ
723 1944 765 2007 46
788 1962 807 2008 a
830 1943 967 2026 genuioa
992 1943 1169 2009 Stoicorum

69 2051 215 2117 doctrino
245 2051 426 2118 abhorrent.
471 2051 671 2133 Quamquam
702 2053 785 2132 quod
808 2053 877 2116 viae
899 2054 991 2133 quasi
1013 2053 1169 2134 quaedam

18 2173 19 2178 ’
70 2161 135 2228 sint
155 2161 197 2226 ad
219 2162 336 2240 oculos,
370 2161 465 2240 auris
499 2161 586 2226 naris
619 2180 638 2225 a
671 2160 745 2225 sede
776 2160 873 2226 animi
900 2160 1090 2242 perforatae,
1113 2180 1171 2227 neo

69 2270 214 2336 sensibus
235 2270 319 2353 ipsis
344 2271 399 2336 sed
421 2275 527 2335 mente
547 2288 603 2334 nos
623 2274 804 2351 sentiamus,
827 2289 867 2335 ex
887 2263 1043 2335 communi
1060 2285 1169 2334 eorum

69 2380 228 2444 sententia
249 2379 441 2461 disputatur.
485 2379 579 2445 Iubet
595 2379 727 2456 Heinius
747 2379 888 2459 legentes
910 2377 995 2444 Plut.
1017 2373 1098 2458 plac.
1114 2379 1168 2458 IV,

69 2490 107 2553 21
133 2487 285 2553 conterre.
328 2489 432 2571 Ipsius
449 2487 618 2570 Chrysippi
641 2488 737 2553 verba
759 2504 799 2553 ex
821 2488 901 2553 libro
919 2487 998 2570 περὶ
1019 2481 1170 2572 ἡγεμονι-

68 2596 129 2661 κοῦ
151 2597 284 2662 tradidit
301 2597 370 2664 Gal.
385 2617 416 2679 p.
432 2601 490 2662 251
507 2616 572 2678 sq.:
601 2591 620 2682 ἡ
645 2591 733 2685 ψυχὴ
757 2590 885 2679 πνεῦμά
907 2595 976 2663 ἐστι
1000 2591 1170 2683 σύμφυτον

69 2702 148 2796 ἡμῖν
170 2705 299 2787 συνεχές
321 2706 419 2772 παντί
449 2709 496 2793 τῷ
528 2701 655 2788 σώματι
689 2699 997 2794 διῆκον...ταίτης
1026 2693 1082 2770 oto
1102 2708 1170 2770 τῶν

69 2818 181 2901 μερῶν
212 2812 338 2902 ἑκάστῳ
371 2813 628 2900 διατεταγμένων
661 2813 767 2901 μορίῳ
794 2811 834 2880 τὸ
862 2815 973 2903 διῆκον
995 2806 1095 2903 αὐτῆς
1122 2811 1169 2891 εἷς

68 2922 128 3014 τὴν
150 2931 302 3010 τραχεῖαν
324 2916 479 3011 ἀρτηρίαν
501 2920 615 3013 φωνήν
631 2948 739 3012 φαμεν
754 2915 837 2990 εἶναι
916 2921 964 3001 είς
986 2915 1005 2989 δ
1028 2921 1064 2990 δέ
1087 2945 1169 3006 σομ-

68 3035 174 3118 βαίνει
198 3032 305 3100 πάντα
332 3038 433 3099 ταῦτα
465 3034 499 3101 ἐν
525 3038 566 3124 τῇ
588 3034 704 3123 καρδίᾳ
727 3026 809 3099 εἶναι
831 3032 930 3118 μέρος
952 3027 990 3098 δν
1010 3024 1109 3119 oderis·
1129 3026 1168 3097 τδ
1257 3083 1266 3098 .

69 3141 273 3230 ἡγεμονικόν.
322 3145 473 3226 Idemque
504 3165 535 3226 p.
565 3146 641 3211 296:
687 3140 852 3227 ὁρῶμεν
881 3139 963 3208 κατά
997 3144 1097 3208 τοῦτο
1129 3135 1168 3206 τὸ

69 3332 269 3340 —-—-——.--

141 3456 157 3526 ξ
177 3457 227 3509 129
257 3455 343 3510 animi
364 3455 509 3509 hominum
531 3473 593 3509 oum
716 3454 795 3525 §114
813 3456 834 3509 ii
847 3473 966 3524 quorum
988 3455 1074 3510 animi
1094 3473 1168 3526 spre-

69 3558 120 3607 aut
139 3571 234 3608 somno
253 3553 337 3606 soluti
355 3557 457 3608 vacant
478 3569 594 3621 eorpore
644 3554 681 3608 tis
701 3553 864 3622 corporibus
884 3554 997 3608 evolant
1015 3595 1021 3607 .
1042 3553 1168 3608 ,ardore

69 3654 119 3704 aut
146 3653 240 3704 mente
264 3649 385 3719 permoti
412 3666 462 3718 per
485 3667 513 3703 se
539 3648 594 3717 ipsi
645 3650 738 3717 aliquo
762 3649 928 3703 inflammati
950 3653 1035 3717 atque
1057 3649 1169 3704 incitati

68 3746 153 3800 liberi
176 3745 287 3800 incitati
310 3749 458 3800 moventur
477 3750 594 3799 cernunt
644 3751 801 3814 moventur,
829 3749 946 3801 cernunt
968 3745 1018 3800 illa
1041 3745 1168 3814 profecto

68 3861 101 3897 ea
116 3859 188 3911 quae
196 3841 330 3911 permixti
344 3860 407 3896 oum
420 3859 535 3911 corpore
552 3843 593 3896 vi·
646 3859 717 3911 quae
736 3843 921 3897 vaticinantes
940 3842 1132 3912 pronuntiant.

68 3937 135 3993 dere
154 3956 211 3992 non
228 3944 353 4008 pereunt.
716 3938 794 4009 §115
817 3940 894 4010 viget
916 3940 990 3994 enim
1013 3940 1120 3994 animus
1139 3939 1169 3993 in

141 4033 211 4104 §63
231 4035 304 4089 iacet
318 4053 417 4105 eorpus
430 4036 594 4091 dormientis
645 4037 747 4090 somnis
770 4035 842 4090 liber
871 4037 906 4091 ab
930 4036 1054 4091 sensibus
1080 4037 1168 4090 omni-

67 4136 99 4186 ut
118 4130 233 4196 mortui,
260 4131 337 4201 viget
361 4137 461 4188 autem
477 4138 506 4188 et
523 4133 595 4188 vivit
645 4151 698 4202 quo
717 4132 889 4203 inpeditione
913 4150 1042 4187 curarum
1060 4134 1169 4188 iacente

68 4228 187 4281 animus.
644 4232 673 4282 et
691 4233 803 4282 mortuo
822 4247 910 4298 paene
929 4246 1054 4298 corpore.
