2828 4868
643 305 663 368 3

105 489 189 552 1863
212 489 267 552 4⁰:
290 487 343 568 qui
367 487 406 552 de
427 485 487 552 hac
509 489 602 568 parte
624 488 670 552 ita
692 487 851 568 iudicavit,
885 493 921 554 ut
946 508 1057 556 rursus
1083 510 1153 557 eam
1170 492 1201 557 in

100 596 183 661 duas
200 595 353 662 divideret
364 597 511 676 (ao-49,
524 598 661 674 50-81)
674 601 706 661 et
721 597 805 664 illius
819 604 1007 679 argumenta
1020 598 1200 668 Ciceronem

99 724 141 772 ex
174 705 315 771 Panaetii
347 706 454 786 aliquo
487 705 570 771 libro
591 706 739 772 hausisse
761 704 807 788 (p.
824 707 867 790 8),
899 708 931 772 in
963 708 1023 776 hac
1055 710 1200 778 Platonis

99 815 274 880 sententias
301 814 430 880 liberius
459 817 671 896 composuisse
705 821 737 880 et
767 833 806 880 ex
829 817 901 881 aliis
934 816 1022 881 libris
1045 820 1199 898 quaedam

99 924 197 988 etiarn
220 922 377 990 addidisse
399 930 541 989 censeret
567 923 610 1006 (p.
629 922 692 1008 11).
737 925 879 990 Priorem
913 930 1037 1006 partem
1060 946 1131 993 curn
1159 930 1200 994 ad

98 1032 289 1098 Panaetium
312 1038 449 1109 revocat,
476 1033 507 1096 in
538 1032 597 1097 hoc
622 1034 743 1112 nititur,
778 1034 862 1115 quod
883 1035 914 1098 in
938 1036 958 1114 ξ
979 1035 1020 1099 42
1043 1038 1200 1101 sententia

99 1143 259 1222 quaedam
276 1141 420 1208 omnibus
434 1141 547 1207 Stoicis
568 1141 742 1207 communis
766 1142 918 1222 (animum
941 1161 982 1206 ex
1004 1143 1200 1210 inflammata

99 1252 206 1317 anima
232 1249 391 1335 constare)
416 1258 578 1331 tamquam
604 1250 750 1316 Panaetii
778 1252 906 1334 propria
928 1230 1199 1318 commemoretur.

100 1361 190 1436 Quae
217 1379 288 1426 cum
321 1361 429 1426 allisa
462 1359 610 1426 Cicerone
642 1361 789 1426 refutatis
822 1361 978 1440 laudetur,
1010 1361 1198 1426 Panaetium

98 1469 237 1535 Stoicam
270 1471 461 1536 sententiam
497 1470 528 1533 in
561 1468 640 1534 libro
667 1470 773 1535 nescio
800 1486 861 1549 quo
885 1470 1072 1534 adversariis
1100 1487 1200 1552 oppo-

98 1581 208 1658 suisse,
225 1577 404 1644 Ciceronem
417 1586 525 1644 autem
534 1577 605 1643 inde
621 1582 723 1643 totum
735 1579 819 1644 hunc
833 1578 935 1643 locum
949 1579 1200 1660 transscripsisse

99 1690 225 1754 conicit.
262 1686 320 1753 Oui
351 1686 580 1752 ratiocinationi
611 1705 681 1753 cum
711 1687 869 1752 sententia
903 1704 1012 1751 eorum
1047 1687 1197 1766 obstaret,

98 1799 153 1880 qui
170 1797 358 1862 Panaetium
382 1798 501 1861 animos
518 1793 682 1862 remanere
699 1797 825 1861 omnino
839 1813 972 1878 negasse
992 1795 1197 1876 affirmarent,

99 1907 181 1973 hanc
204 1925 241 1972 eo
263 1912 406 1972 evertere
429 1906 562 1985 studuit,
596 1911 633 1970 ut
651 1904 904 1983 tundamentum,
935 1906 1050 1988 inquo
1073 1905 1198 1985 potissi·

100 2035 187 2082 mum
209 2019 313 2100 posita
335 2021 428 2099 esset,
450 2016 639 2082 subduceret
667 2017 709 2098 tp.
731 2017 750 2080 8
770 2022 839 2096 sq).
882 2015 988 2079 Nostri
1022 2015 1104 2078 enim
1126 2013 1198 2079 libri

99 2127 193 2206 579,
236 2127 319 2193 unde
352 2125 582 2205 repetivissent,
617 2123 688 2189 illos
719 2122 800 2189 falso
837 2123 1029 2188 intellexisse
1068 2124 1198 2188 censuit.

98 2233 181 2298 Nam
214 2235 296 2315 quod
329 2233 374 2298 illi
403 2233 652 2314 affirmaverant,
689 2238 787 2314 negat
809 2231 997 2297 Panaetium
1029 2251 1049 2296 a
1085 2232 1198 2297 cetenis

99 2341 210 2410 Stoicis
235 2343 416 2410 distinctum
439 2345 541 2425 iisque
572 2343 753 2425 oppositum
790 2360 868 2407 esse.
931 2340 1020 2418 Quod
1043 2342 1069 2407 si
1088 2339 1196 2407 Cicero

99 2452 261 2531 voluisset,
287 2469 349 2518 non
377 2455 585 2536 consecutiva,
617 2453 673 2518 sed
697 2453 899 2518 adversativa
921 2452 1078 2535 particula
1105 2471 1197 2518 usum

98 2562 168 2626 eius
188 2565 376 2629 sententiam
399 2581 470 2628 eum
494 2563 677 2628 adlaturum
699 2562 807 2628 inisse.
851 2563 929 2627 Cum
954 2579 1027 2626 vero
1050 2565 1198 2642 pergeret

95 2669 274 2737 ‘credamus
285 2674 384 2756 ipitur
399 2663 572 2747 Panaetio'‚
588 2674 666 2738 satis
681 2678 826 2754 apertum
839 2690 908 2737 esse
923 2689 995 2736 eum
1007 2668 1196 2733 Panaetium

98 2782 190 2861 quasi
212 2782 351 2846 omnium
373 2780 550 2847 Stoicorum
572 2782 639 2846 loco
661 2781 797 2863 positum
819 2780 963 2846 voluisse.

201 2887 245 2954 Ut
262 2892 347 2954 recte
369 2888 448 2954 haec
464 2887 594 2954 Heinius
617 2888 839 2968 disputaverit,
862 2905 919 2951 cur
943 2883 1004 2952 Cic.
1027 2892 1196 2970 postquam

97 2998 285 3064 adulescens
313 2997 433 3063 Stoicos
465 2998 669 3062 dimittendos
703 3015 787 3073 esse,
820 2995 934 3076 quippe
964 2998 1019 3075 qui
1048 2997 1106 3062 sibi
1135 3015 1196 3061 non

97 3112 289 3185 constarent,
312 3109 435 3173 censuit
456 3124 592 3187 eumque
615 3105 694 3170 bene
721 3123 773 3169 eos
795 3104 995 3186 reprendisse
1027 3106 1195 3188 respondit,

96 3217 232 3282 eundem
254 3217 367 3281 iterum
391 3217 575 3298 interrogat,
599 3233 674 3278 num
697 3215 734 3280 iis
756 3213 886 3280 credat?
920 3211 984 3278 Sed
1000 3214 1078 3280 satis
1100 3232 1196 3295 appa-

96 3331 148 3391 ret
162 3323 225 3390 Cic.
241 3324 406 3391 discrimen
420 3324 545 3405 aliquod
562 3326 644 3390 inter
660 3323 780 3389 Stoicos
794 3323 906 3388 iacere.
929 3322 1010 3388 Nam
1025 3327 1196 3404 postquam

97 3433 255 3514 quaesivit
281 3435 314 3515 (ξ
337 3435 404 3511 78);
438 3431 529 3497 ‘num
564 3432 638 3513 quid
671 3434 768 3512 igitur
800 3441 849 3498 est
871 3448 994 3510 causae,
1022 3434 1097 3511 quin
1120 3431 1197 3495 ami·

97 3561 151 3608 cos
173 3549 296 3608 nostros
318 3542 439 3608 Stoicos
469 3542 699 3608 dimittamusl'
729 3541 819 3621 quasi
844 3538 939 3604 verba
960 3538 1127 3618 corrigens,
1158 3557 1196 3602 ne

97 3653 139 3717 de
171 3652 315 3717 omnibus
344 3641 509 3734 cogitetur,
542 3653 652 3717 statim
691 3651 786 3715 adicit
813 3647 882 3714 ‘eos
909 3650 991 3730 dico,
1024 3647 1076 3727 qui
1106 3647 1197 3711 aiunt

98 3778 229 3826 manere
249 3763 368 3826 animos
390 3812 397 3826 .
420 3810 428 3824 .
450 3761 505 3826 sed
527 3777 590 3824 non
618 3759 764 3841 semper’.
821 3759 869 3823 Ad
891 3775 975 3837 quae
996 3755 1196 3821 adulescens:

93 3867 191 3934 ‘istos
213 3870 302 3935 vero'
334 3869 513 3951 respondet.
561 3866 642 3932 Sunt
659 3869 758 3948 igitur
780 3865 884 3942 Stoici,
906 3867 961 3949 qui
983 3885 1002 3930 a
1023 3864 1134 3930 ceteris
1164 3866 1195 3929 in

97 3980 158 4045 hac
189 3997 224 4043 re
245 3979 439 4045 dissentiant.
484 3977 564 4044 Cum
593 3995 667 4042 vero
695 3977 757 4042 illis
791 3977 929 4042 dimissis
952 3975 1096 4040 Panaetii
1128 3993 1197 4040 sen-

52 4127 54 4130 ·
96 4091 217 4156 tentiae
245 4089 363 4155 mentio
405 4089 470 4170 fiat,
504 4088 646 4171 sequitur
678 4093 715 4152 ut
746 4086 797 4153 hic
828 4105 847 4152 a
878 4085 988 4153 ceteris
1021 4083 1196 4149 dissentiat.

98 4198 181 4277 Quid
203 4205 310 4265 autem
333 4206 392 4278 est,
413 4217 469 4265 cur
491 4199 522 4262 in
544 4196 700 4281 particula
719 4187 837 4277 ‘igitur'
862 4193 1079 4261 offendamur?
1112 4193 1195 4259 Nam
