2828 4868
237 511 332 575 quam
355 491 431 573 quid
457 493 572 574 singuli
603 492 771 569 effecerint,
804 491 1052 558 intellexerimus
1061 495 1094 570 ¹).
1136 491 1205 569 Qua
1236 492 1266 555 in
1300 511 1338 557 re

236 593 333 667 etiam
355 620 434 684 opus
457 602 517 666 erit
530 619 638 666 eorum
659 602 847 682 scriptorum
869 600 971 683 qualis
986 597 1093 664 Cicero
1115 597 1185 683 init,
1206 599 1255 666 cui
1271 619 1336 665 non

235 711 396 776 minimam
429 714 551 793 partem
590 708 809 790 philosophiae
842 706 964 773 Stoicae
997 708 1140 773 notitiam
1173 708 1336 790 debemus

236 820 289 901 qui
321 825 427 884 tamen
461 817 575 899 quibus
605 816 786 883 auctoribus
819 835 896 883 usus
930 818 972 882 sit
993 822 1098 882 tacere
1119 817 1207 897 solet,
1237 819 1337 883 libros

234 932 382 994 accurate
411 927 603 1007 perscrutari
627 926 714 991 etad
736 923 850 1006 fontes,
871 945 910 990 ex
933 925 1045 1007 quibus
1065 924 1223 1007 fluxerint,
1246 945 1337 993 revo-

235 1055 315 1102 care.
336 1037 449 1116 ltaque
472 1037 498 1101 si
518 1036 587 1115 quis
603 1034 764 1118 disputare
782 1035 867 1114 velit,
883 1034 958 1116 quid
977 1033 1072 1101 Stoici
1095 1037 1133 1101 de
1149 1041 1250 1101 morte
1265 1055 1336 1102 sen-

234 1147 342 1228 serint,
363 1163 424 1210 uon
442 1145 743 1227 praetermittendus
764 1145 889 1209 videtur
909 1143 1066 1210 Ciceronis
1082 1145 1336 1210 Tusculanarum

234 1253 369 1335 displl
383 1255 412 1318 in
429 1271 489 1334 quo
505 1254 606 1318 inesse
622 1271 703 1333 quae
718 1252 860 1318 aStoicis
873 1259 1002 1333 sumpta
1014 1254 1077 1318 sint
1087 1255 1188 1334 primo
1199 1255 1337 1336 quisque

234 1363 349 1428 obtutu
371 1363 549 1444 perspiciet.
575 1361 636 1427 Sed
655 1362 870 1442 quaerendum
883 1364 952 1445 erit,
975 1367 1130 1443 quantum
1147 1362 1335 1446 Stoicorum,

235 1477 389 1551 quantum
413 1471 556 1554 oliorum,
584 1476 738 1552 quantum
755 1469 913 1536 Ciceronis
936 1473 1036 1553 ipsius
1057 1472 1106 1536 sit.
1129 1471 1335 1549 1111111111-

234 1579 436 1662 tellegautur,
466 1582 623 1662 quomodo
655 1578 717 1646 Cic.
751 1581 996 1661 disputationem
1029 1581 1202 1645 instituerit
1233 1585 1266 1645 et
1296 1582 1334 1645 li·

233 1691 325 1754 brum
351 1690 572 1772 composuerit,
595 1689 764 1756 videndum
798 1692 831 1754 et
852 1707 934 1770 quae
961 1709 981 1754 1
1002 1689 1195 1772 philosophis
1216 1691 1336 1758 similia

233 1797 399 1879 disputata
427 1799 490 1863 siut
511 1817 583 1863 cum
616 1797 663 1862 his
687 1799 899 1880 comparanda
922 1803 1024 1864 erunt.
1069 1799 1141 1876 Qua
1173 1800 1205 1864 iu
1227 1819 1262 1866 re
1286 1818 1335 1864 re-

234 1907 408 1973 centiorum
437 1915 470 1973 et
492 1909 707 1988 antiquiorum
730 1907 905 1973 Stoicorum
928 1909 1094 1976 sententiis
1126 1914 1159 1974 ct
1180 1910 1262 1975 iuter
1300 1927 1336 1974 se

233 2020 266 2079 et
301 2035 372 2081 oum
405 2015 552 2082 Cicerone
591 2017 716 2083 collatis
761 2018 895 2083 sortasse
929 2019 1099 2102 continget,
1134 2023 1170 2082 ut
1200 2025 1232 2084 et
1266 2017 1336 2099 ipse

234 2121 389 2192 Ciceronis
412 2133 523 2192 auctor
545 2126 714 2210 detegatur
737 2133 769 2193 et
792 2133 946 2207 quantum
969 2125 1063 2193 Stoici
1085 2129 1168 2192 inter
1189 2145 1224 2194 se
1246 2126 1334 2191 diffe-

232 2239 306 2298 rant
326 2235 547 2317 perspiciatur.

333 2341 419 2420 Quas
447 2344 649 2424 quaestiones
671 2349 707 2408 111
730 2350 884 2425 quantum
907 2345 989 2410 vires
1011 2344 1105 2408 animi
1127 2343 1335 2411 concederent

232 2451 437 2536 solveremus,
457 2453 494 2519 iis
516 2471 599 2534 quae
619 2458 797 2534 sequuntur
819 2472 948 2534 operam
974 2453 1125 2518 dedimus.

332 2561 441 2628 Cicero
461 2582 532 2627 cum
545 2563 678 2638 scholas,
702 2581 783 2644 quos
798 2563 931 2643 singulis
943 2562 1088 2642 deinceps
1103 2561 1212 2628 diebus
1231 2562 1269 2630 de
1282 2581 1333 2626 re·

232 2670 291 2736 bus
309 2671 349 2736 ad
366 2672 457 2738 beate
475 2672 642 2738 vivendum
653 2672 883 2755 pertinentibus
900 2673 931 2736 in
943 2672 1122 2738 Tusculano
1134 2688 1167 2735 se
1183 2670 1333 2736 habuisse

231 2779 380 2860 fingebat,
413 2781 528 2848 litteris
557 2781 766 2849 mandaturus
800 2786 893 2861 esset,
928 2782 1029 2862 primo
1051 2780 1130 2846 libro
1158 2779 1197 2845 de
1229 2783 1332 2844 morte

235 2907 333 2971 agens
358 2889 435 2954 haec
456 2889 513 2955 sibi
538 2889 702 2970 probando
716 2890 899 2972 proposuit:
927 2889 953 2954 Ι.
967 2891 1087 2955 animos
1109 2893 1182 2970 post
1196 2894 1331 2953 mortem
1411 2949 1412 2972 ,

232 3017 405 3078 remanere,
444 2998 484 3063 ΙΙ.
528 2998 652 3064 eiamsi
691 3016 755 3062 uon
789 3002 999 3081 remanerent,
1047 3004 1153 3064 tomen
1195 3001 1331 3062 mortem

198 3141 200 3146 ·
231 3108 350 3173 malum
380 3126 442 3173 non
471 3126 539 3174 esse
566 3106 606 3191 (v.
633 3107 731 3190 526).
776 3107 812 3171 lu
845 3106 926 3172 duas
959 3107 1057 3188 igitur
1079 3114 1189 3188 portes
1223 3141 1261 3151 —
1295 3113 1332 3172 ut

208 3295 211 3302 Ι
233 3233 314 3304 quoe
341 3217 433 3296 quasi
455 3217 593 3299 prolusio
622 3217 670 3281 his
691 3217 908 3296 praemittitur
929 3218 1113 3282 omittamus
1131 3215 1332 3281 -dividitur

231 3325 321 3408 liber,
354 3342 487 3405 quarum
510 3326 613 3392 111111
642 3326 850 3409 agro-76,
884 3325 985 3392 altero
1015 3325 1131 3408 a§82
1163 3324 1204 3390 ad
1236 3323 1331 3389 huem

232 3434 377 3515 pertinet.
401 3433 489 3511 Quae
513 3439 550 3500 ut
572 3435 657 3500 vides
675 3439 741 3500 tam
763 3433 856 3517 louge
878 3436 1037 3516 proposito
1052 3435 1136 3500 inter
1149 3452 1183 3498 se
1198 3432 1331 3513 distant,

231 3548 268 3607 ut
288 3545 457 3622 utramque
479 3562 536 3624 per
557 3562 592 3609 se
614 3549 757 3626 spectare
782 3549 814 3608 et
829 3547 968 3609 tractare
989 3543 1090 3609 liceat.
1119 3543 1162 3608 Et
1183 3560 1240 3607 nos
1261 3543 1330 3625 qui-

232 3652 305 3716 dem
330 3652 465 3731 priorem
487 3653 519 3716 in
541 3653 758 3732 quaestionem
781 3651 971 3718 vocabimus.

332 3761 379 3824 De
415 3761 512 3826 totius
544 3762 618 3828 libri
640 3761 781 3827 fontibus
812 3761 938 3842 scripsit
963 3761 1000 3827 Ο.
1023 3761 1153 3828 Heinius
1179 3761 1329 3826 Weimari

332 4029 352 4100 ¹)
371 4027 460 4096 Quam
478 4027 557 4082 iiam
575 4029 605 4081 in
622 4031 703 4084 rebus
726 4030 891 4100 theologicis
915 4035 947 4084 ut
966 4029 1086 4084 aliorum
1107 4030 1150 4084 ita
1170 4029 1329 4104 Stoicorum

229 4127 336 4196 primus
357 4127 496 4196 ingressus
509 4130 550 4180 est
563 4125 706 4180 Krischius
719 4128 748 4180 in
759 4127 831 4181 libro
844 4125 1053 4197 ‘Forschungen
1066 4126 1117 4180 auf
1133 4127 1198 4180 dem
1211 4125 1327 4205 Gebiete
1407 4183 1408 4192 ,

231 4221 282 4273 der
300 4220 375 4274 alten
393 4215 589 4288 Philosophie’.
