2828 4868
613 337 633 400 9

73 525 137 601 tor,
173 539 269 602 quam
292 521 360 604 ipse
381 539 444 586 non
467 519 626 603 probaret,
660 529 766 588 tamen
793 523 914 589 animos
936 541 1061 590 sursum
1097 525 1172 591 ferri

74 630 210 696 doceret.
236 667 274 676 -
299 630 396 698 Cuius
428 649 504 697 num
533 631 669 698 certiora
702 632 835 715 vestigia
864 633 1007 714 indagari
1040 635 1171 717 possint,

5 787 6 828 3
74 738 261 806 videbimus.

177 846 248 925 Qua
262 848 341 912 inre
362 847 445 913 viam
456 850 645 914 monstravit
657 849 820 918 Krischius
832 853 874 933 (p.
887 851 972 929 452),
988 851 1040 931 qui
1052 852 1173 934 primus

5 955 7 1008 1
75 956 200 1022 conlato
222 974 292 1021 cum
316 956 391 1038 §26
413 956 505 1022 Sexto
520 956 591 1022 adv.
607 956 706 1024 math.
722 958 776 1038 IX,
790 961 830 1023 23
843 959 1023 1025 Ciceronem
1047 978 1084 1025 eo
1103 961 1172 1026 loco

5 1009 9 1138 1
74 1083 137 1130 non
160 1064 328 1130 Platonem
364 1064 458 1148 (Tim.
489 1085 519 1147 p.
545 1067 586 1131 40
615 1067 653 1146 A,
675 1065 756 1131 Phil.
784 1086 814 1149 p.
831 1069 870 1132 16
893 1065 941 1153 C),
973 1069 1028 1134 sed
1052 1068 1172 1135 Stoicos

5 1154 9 1247 1
74 1174 266 1241 recentiores
292 1175 379 1255 sequi
404 1174 554 1240 indicavit
584 1175 626 1256 (r.
648 1175 667 1240 l.
691 1193 733 1240 c:
755 1175 822 1239 τῶν
837 1174 872 1241 δὲ
893 1176 1061 1258 νεωτέρων
1076 1179 1172 1243 στωϊ-

5 1259 9 1388 1
76 1291 142 1348 κῶν
165 1283 247 1372 φασί
268 1277 451 1360 stractoria
481 1277 636 1366 πρώτους
657 1283 711 1348 καὶ
732 1287 874 1369 γηγενεῖς
894 1286 961 1348 τῶν
982 1277 1173 1369 ἀνθρώπων

5 1389 7 1476 ξ
74 1387 156 1458 κατὰ
178 1387 264 1458 πολὺ
293 1393 360 1456 τῶν
382 1394 436 1457 νῦν
464 1392 591 1459 συνέσει
620 1393 835 1480 διαφέροντας
857 1393 1042 1479 γεγονέναι).
1084 1397 1174 1461 Inter

5 1477 8 1602 ἒ
75 1521 154 1586 quos
176 1502 320 1584 inprimis
342 1501 380 1568 de
400 1501 567 1569 Posidonio
590 1503 792 1586 cogitandum
816 1523 884 1571 esse
900 1503 1036 1570 Senecae
1059 1504 1174 1586 episto·

5 1609 8 1648 ¹
75 1613 140 1678 lam
156 1615 196 1677 90
207 1612 318 1677 docere
329 1613 461 1694 putauit.
486 1611 556 1693 Qua
568 1612 717 1678 Senecam
729 1613 831 1678 locum
845 1614 1000 1694 quendam
1015 1613 1174 1679 Posidonii

5 1665 10 1802 1
74 1720 337 1803 Προτρεπτικῶν
359 1721 477 1800 (Laert.
500 1721 589 1803 Diog.
609 1722 679 1802 VH,
703 1723 752 1801 91,
773 1723 846 1805 129)
872 1727 1027 1788 tractasse
1054 1722 1172 1788 Bobius

5 1819 9 1918 1
74 1829 250 1915 (Posidonii
267 1830 418 1911 reliquiae
438 1848 469 1910 p.
482 1829 537 1912 36)
560 1849 677 1911 magna
698 1849 768 1894 cum
791 1830 1013 1912 probabilitate
1033 1831 1172 1898 coniecit.

5 1931 10 2006 i
73 1942 106 2006 Is
129 1942 237 2004 tamen
266 1939 432 2021 epistolam
457 1938 542 2024 illam
566 1957 626 2004 non
651 1940 726 2005 satis
753 1940 898 2020 excussit,
923 1959 960 2006 ex
995 1959 1058 2022 qua
1080 1941 1173 2021 plura

5 2011 9 2108 1
73 2048 115 2114 ad
150 2047 308 2144 Posidonii
348 2050 536 2114 sententiam
574 2048 794 2113 illustrandam
835 2054 912 2128 apta
950 2049 1052 2131 colligi
1086 2053 1173 2128 pote·

5 2109 11 2185 1

5 2187 9 2269 ρ.
73 2163 157 2222 rant.
186 2157 299 2231 ,Ouius
331 2159 486 2238 epistolae
515 2177 640 2224 summa
681 2157 781 2223 tribus
811 2159 990 2223 continetur
1030 2156 1173 2238 partibus

5 2293 8 2364 ρ
74 2268 228 2348 (1:3-6.
253 2267 675 2346 11:7-33.111:34-46t‚
701 2284 835 2347 quarum
858 2267 894 2332 B.
917 2267 1052 2332 mediam
1075 2267 1173 2347 potis·

5 2373 9 2439 i
74 2377 189 2440 simum
204 2377 344 2457 respexit
366 2365 560 2457 eandemque
581 2376 612 2441 in
635 2375 749 2440 librum
766 2394 857 2441 suum
877 2375 1088 2458 transcripsit.
1111 2373 1174 2440 Sed

5 2481 9 2606 '⁴
73 2485 213 2566 primum
237 2487 370 2566 apparet
392 2486 412 2564 ξ
432 2484 451 2548 5
475 2485 514 2550 ab
547 2485 814 2564 antecedentibus,
850 2502 929 2564 quas
951 2484 1001 2548 ille
1021 2484 1171 2566 neglexit,

5 2607 7 2688 1
74 2611 136 2658 non
159 2611 251 2676 posse
273 2593 385 2658 dirimi.
406 2593 500 2683 'Nam
523 2611 715 2674 quamquam
737 2595 769 2659 in
792 2595 853 2660 hac
874 2595 1000 2658 demum
1013 2591 1173 2659 Posidonii

5 2689 7 2784 1
73 2721 188 2769 nomen
213 2708 485 2783 commemoratur,
508 2709 614 2768 tamen
636 2704 686 2770 hic
710 2704 796 2770 locus
817 2706 861 2770 sic
883 2703 922 2770 iis
946 2721 1027 2784 quae
1050 2708 1171 2767 antece·

5 2807 7 2894 1
73 2813 155 2880 dunt
177 2813 369 2895 adiungitur,
404 2819 441 2878 ut
470 2814 565 2878 etiam
597 2834 632 2880 ea
667 2820 836 2880 enemente
866 2815 933 2878 eius
963 2812 1080 2894 scripta
1103 2828 1173 2878 esse

5 2907 10 3006 ,l
74 2923 207 2989 eluceat.
251 2922 359 2986 Prima
391 2923 490 3003 igitur
521 2929 611 3005 parte
648 2922 766 2990 Seneca
787 2923 947 2989 Posidonii
982 2921 1172 2988 sententiam

5 3021 8 3084 1
74 3035 233 3114 quatenus
254 3033 366 3114 probet
387 3033 535 3112 explicat,
557 3032 658 3098 altera
677 3038 767 3110 ¹artes
797 3034 837 3098 ad
859 3033 958 3097 uitam
979 3031 1172 3112 pertinentes

5 3117 8 3196 1
74 3140 319 3222 aphilosophia
353 3143 496 3207 inventas
521 3159 596 3220 esse,
635 3142 718 3221 quod
751 3142 804 3206 ille
836 3141 943 3220 voluit,
966 3138 1094 3219 refutat,
1118 3157 1171 3221 po·

74 3255 196 3316 strema
220 3269 258 3315 ea
282 3251 416 3330 quaein
441 3250 543 3330 prima
565 3255 768 3330 concesserat,
791 3250 951 3333 reprobat.
995 3247 1078 3314 Nam
1102 3266 1171 3312 cum

5 3373 8 3430 1
73 3362 138 3440 illa,
162 3378 244 3441 quae
266 3360 313 3426 vis
333 3366 365 3425 et
384 3359 559 3425 auctoritas
581 3359 797 3442 philosophiae
821 3358 904 3441 apud
923 3359 1040 3439 primos
1056 3362 1172 3422 morta·

5 3437 7 3518 1
73 3473 122 3537 les
142 3470 262 3549 fuisset,
286 3469 477 3551 exposuerit,
500 3467 560 3534 hac
581 3467 810 3548 philosophiam
830 3468 936 3549 parari
959 3467 1173 3549 virtutemque

74 3583 178 3644 artem
200 3597 267 3643 esse
288 3597 345 3644 nec
370 3578 543 3658 sapientem
578 3577 814 3659 appellandum,
851 3578 903 3656 qui
938 3582 1053 3642 natura
1087 3580 1173 3642 recte

73 3689 181 3768 faciat,
209 3688 356 3754 ostendit.
399 3688 513 3767 Itaque
545 3688 663 3771 primos
694 3686 764 3751 illos
797 3686 955 3770 mortales,
977 3703 1172 3766 quamquam

6 3855 7 3860 ,
73 3796 269 3879 sapientibus
290 3795 433 3862 facienda
454 3796 563 3862 fecisse
586 3796 727 3861 concedit
750 3795 781 3878 (b
798 3796 861 3878 36),
882 3799 989 3860 tamen
1015 3797 1173 3876 sopientes

6 3943 7 3992 3
72 3905 170 3972 luisse
204 3911 309 3986 negat.
354 3903 432 3969 Cum
465 3923 539 3970 vero
571 3911 692 3971 statum
722 3922 831 3969 eorum
865 3903 1080 3970 felicissimum
1107 3903 1174 3984 ipse

73 4014 271 4081 existimaret
293 4021 324 4081 et
348 4014 470 4095 copiose
491 4015 648 4094 laudaret,
672 4013 739 4078 ficri
760 4032 822 4079 non
844 4013 956 4096 potuit,
980 4014 1056 4092 quin
1078 4013 1173 4078 otiam

5 4105 7 4196 ἶ
72 4124 104 4188 in
125 4123 186 4188 hac
209 4126 301 4204 parte
322 4121 347 4186 si
369 4121 547 4200 nonverba,
564 4127 672 4187 tamen
689 4122 877 4187 sententiam
889 4119 1058 4204 Posidonii,
1074 4138 1173 4201 quun-

5 4229 7 4318 ?
71 4240 140 4302 tum
164 4249 237 4299 curn
260 4249 297 4298 eo
317 4231 543 4315 consentiebat,
566 4237 754 4318 sequeretur
775 4227 825 4312 (of.
851 4228 890 4314 ἐξ
904 4231 934 4311 3,
947 4231 996 4312 36,
1014 4231 1078 4312 38),
1121 4229 1173 4297 Ita
