2828 4868
774 333 794 395 6

229 515 318 594 Quae
344 510 414 580 cnm
444 515 616 598 explicaret
644 512 802 580 Ciceronis
833 517 899 579 tam
925 512 1007 580 flexa
1042 517 1076 580 et
1108 517 1195 582 torta
1226 515 1329 582 evasit

229 625 341 703 oratio,
372 631 409 690 ut
431 625 491 690 nisi
512 626 627 690 iterum
652 624 830 703 iterumque
851 623 957 688 verbis
979 623 1126 706 perlectis
1151 641 1221 688 eam
1244 641 1327 704 quac

229 733 338 798 subest
357 733 546 798 sententiam
569 750 630 797 non
656 731 799 797 extricas.
833 734 938 812 Atque
960 732 1043 812 quod
1059 731 1157 797 multo
1180 734 1327 834 gravissi·

230 860 316 907 mum
342 847 400 922 est,
432 841 548 922 quippe
575 840 607 903 in
641 857 702 921 quo
731 838 832 905 omnis
868 839 916 904 vis
939 839 1119 920 argumenti
1141 841 1182 904 sit
1212 842 1329 922 sentire

229 956 380 1030 mortuos,
406 951 437 1017 id
459 949 503 1016 sic
524 949 661 1033 positum
684 953 732 1013 est
756 948 846 1028 quasi
867 949 1019 1014 levissimi
1041 951 1192 1014 momenti
1215 950 1266 1017 sit.

331 1059 507 1126 Maximum
530 1064 598 1123 tum
623 1075 661 1122 ex
685 1062 820 1122 naturae
841 1057 955 1124 iudicio
967 1063 1192 1140 argumentum
1213 1060 1328 1141 repeti-

228 1174 290 1247 tur,
325 1168 408 1249 quod
435 1164 583 1230 omnibus
614 1183 708 1230 curae
738 1166 801 1231 sint
833 1170 865 1231 et
887 1164 1045 1230 maximae
1077 1164 1211 1244 quidem,
1246 1184 1329 1245 quae

229 1280 301 1357 post
334 1281 467 1340 mortem
490 1273 599 1340 futura
623 1275 686 1340 sint
716 1276 888 1355 §ar—35.
933 1273 1001 1351 Quo
1035 1275 1190 1359 explicato
1213 1276 1286 1342 inde
1309 1296 1329 1341 a

230 1385 249 1466 ἕ
265 1387 305 1450 36
320 1386 495 1468 quaeritur,
511 1385 564 1466 qui
579 1387 684 1449 status
699 1392 896 1449 mortuorum
919 1385 970 1450 sit.
1004 1384 1146 1450 Remotis
1161 1391 1329 1476 poetarum

228 1493 316 1576 vulgi
345 1512 468 1560 errores
491 1495 676 1576 augentium
701 1493 888 1559 commentis
916 1493 956 1558 ad
978 1492 1180 1574 philosophos
1201 1495 1328 1560 transit.

230 1603 293 1668 Sed
309 1609 393 1669 certe
408 1604 575 1670 miraberis
590 1605 683 1669 haec:
706 1596 826 1683 ‘magni
846 1610 953 1668 autem
976 1607 1025 1670 est
1046 1603 1160 1684 ingenii
1181 1620 1329 1668 sevocare

230 1715 368 1778 mentem
396 1731 415 1780 a
435 1713 578 1780 sensibus
602 1761 610 1776 .
634 1762 640 1777 .
665 1765 671 1778 .
696 1714 804 1793 itaque
831 1711 923 1778 credo
953 1713 1098 1793 equidem
1119 1710 1215 1777 etiam
1249 1711 1328 1778 alios

228 1827 277 1888 tot
289 1821 429 1900 saeculis,
454 1822 508 1888 sed
520 1822 603 1901 quod
615 1823 734 1888 litteris
747 1826 850 1888 exstet
873 1821 1069 1904 Pherecydes
1083 1821 1192 1905 Syrius
1207 1822 1328 1902 primus

228 1931 310 1997 dixit
341 1931 463 1996 animos
497 1949 567 1998 esse
599 1931 761 1996 bominum
794 1921 1025 2014 sempiternos'.
1068 1929 1210 1996 Primum
1245 1931 1326 1994 enim

229 2060 300 2106 cum
323 2041 363 2105 de
383 2040 423 2106 iis
448 2041 591 2108 dicturus
614 2045 707 2120 esset,
730 2041 784 2121 qui
799 2041 976 2120 opinionem
991 2040 1155 2121 vulgarem
1177 2041 1329 2105 correxis-

228 2154 307 2227 sent,
341 2150 580 2229 exprimendum
609 2155 679 2215 erat
701 2148 891 2231 Pherecydis
927 2150 1115 2214 sententiam
1142 2149 1174 2214 in
1202 2150 1328 2214 ratione

228 2259 362 2340 positam
386 2277 463 2325 esse.
507 2258 627 2323 Deinde
648 2275 723 2323 vero
739 2257 784 2324 sic
800 2259 901 2323 altera
923 2258 1081 2324 sententia
1102 2257 1194 2323 alteri
1209 2276 1328 2323 conexa

228 2375 287 2451 est,
310 2370 400 2452 quasi
415 2373 585 2450 propterea
610 2368 694 2448 quod
710 2369 816 2450 magni
832 2368 948 2449 ingenii
966 2368 1007 2433 sit
1030 2374 1168 2433 mentem
1189 2386 1209 2431 a
1231 2368 1326 2433 sensi-

230 2476 288 2543 bus
302 2492 460 2556 sevocare,
482 2475 581 2540 etiam
595 2480 669 2540 ante
684 2474 896 2555 Pherecydem
913 2473 1039 2549 luerint,
1065 2475 1119 2556 qui
1132 2475 1214 2541 idem
1232 2482 1328 2558 atque

227 2585 280 2650 ille
301 2585 456 2651 dicerent!
480 2583 671 2650 Coniecerim
695 2583 841 2664 equidem
856 2582 1036 2649 Ciceronem
1058 2583 1143 2649 illius
1158 2585 1327 2665 scriptoris,

228 2695 281 2776 qui
297 2694 482 2773 antiquitati
494 2694 640 2759 altiorem
655 2693 815 2773 quandam
837 2692 1026 2774 sapientiam
1038 2691 1206 2770 tribuebat,
1230 2693 1328 2759 rerba

228 2805 259 2868 in
282 2807 387 2869 artum
419 2808 528 2868 coacta
550 2803 690 2879 reddere,
714 2803 799 2867 hunc
820 2806 926 2867 autem
955 2801 1079 2868 abillis
1102 2803 1328 2883 antiquissimis

230 2911 425 2994 sapientibus
450 2930 513 2988 eos,
543 2929 676 2992 quorum
712 2911 888 2978 sententiae
920 2911 1019 2976 literis
1041 2911 1181 2976 traditae
1213 2918 1328 2991 essent,
1397 2942 1398 2957 ¹

229 3021 422 3102 distinguere
438 3021 581 3087 voluisse.
605 3021 725 3086 Deinde
737 3019 799 3087 Cic.
815 3019 854 3086 ad
868 3020 1081 3102 Pythagoram
1096 3020 1327 3103 Pythagoreos·

228 3150 288 3213 qua
313 3136 346 3194 et
367 3131 534 3195 Platonem
556 3131 683 3210 transit,
718 3130 772 3212 qui
805 3129 931 3196 illorum
964 3130 1140 3196 sententiae
1172 3131 1326 3196 rationem

226 3241 382 3306 attulerit.
428 3240 516 3318 Quae
543 3240 597 3306 ubi
619 3246 694 3324 apte
721 3247 942 3322 apponeretur,
965 3240 1015 3304 hic
1040 3258 1116 3306 sane
1138 3239 1225 3306 locus
1247 3231 1326 3306 erat.

227 3348 345 3415 Contra
367 3350 442 3433 §53
454 3367 522 3430 sqq.
546 3349 671 3415 demum
695 3350 880 3430 explicatur,
903 3347 1042 3414 hocloco
1065 3354 1173 3414 autem
1187 3349 1327 3415 rationes
1396 3347 1397 3360 ¹

226 3457 373 3542 physicae
389 3457 576 3536 afferuntur,
590 3459 706 3537 quibus
721 3459 842 3524 animos
856 3457 885 3521 in
898 3457 1020 3522 caelum
1035 3457 1203 3523 ascendere
1214 3457 1325 3538 probe·
1395 3529 1396 3544 χ

226 3572 280 3631 tur
315 3567 347 3650 (ξ
378 3569 526 3648 40-43).
581 3567 810 3632 Immortalitas
837 3571 943 3631 autem
973 3567 1149 3631 animorum
1179 3567 1325 3648 sumitur,
1395 3557 1396 3634 ?

225 3695 288 3742 non
312 3676 475 3758 probatur.
520 3675 673 3742 Rationes
702 3675 776 3742 illae
798 3676 830 3740 in
858 3693 895 3741 ea
918 3676 1075 3742 sententia
1095 3676 1221 3756 positae
1241 3679 1325 3754 sunt,

225 3801 265 3848 en
288 3797 351 3860 qua
374 3783 499 3848 animus
521 3782 630 3864 igneus
662 3782 714 3846 vel
744 3781 902 3862 spirabilis
930 3783 981 3849 sit.
1025 3781 1072 3846 Ad
1095 3798 1176 3861 quas
1199 3783 1324 3867 quidem

226 3891 286 3957 Cic.
309 3891 404 3956 etiam
438 3891 517 3956 alias
549 3891 724 3958 sententias
757 3893 899 3974 derigere
919 3893 1037 3974 studet,
1068 3898 1104 3958 ut
1126 3893 1324 3968 Xenocratis,
1395 3945 1396 3948 ,

225 4001 280 4083 qui
307 4018 500 4082 quamquam
515 4002 654 4066 animum
676 4018 841 4084 acorpore
864 4001 1077 4084 separabilem
1098 4020 1167 4069 esse
1191 3999 1325 4083 putabat
1395 3997 1396 4068 ζ

225 4107 276 4191 (cf.
305 4109 511 4176 l'rendelenb.
539 4109 579 4176 ad
605 4111 705 4177 Arist.
738 4111 776 4178 de
808 4130 857 4177 an.
886 4113 912 4190 I,
935 4113 956 4175 4
987 4131 1017 4194 p.
1042 4112 1101 4177 227
1126 4114 1201 4195 sq),
1239 4114 1325 4175 certe

227 4218 384 4284 Ciceronis
411 4225 634 4302 argumentum
657 4221 815 4288 irrisisset.
850 4220 938 4299 Quae
958 4226 1065 4288 autem
1087 4220 1196 4304 a§40
1214 4219 1325 4301 incipit
