2828 4868
762 305 802 372 42

235 484 341 546 movet
362 479 393 544 id
414 496 537 562 corpus,
561 481 610 547 cui
626 498 758 566 praepo·
809 481 998 558 divinusest,
1009 487 1046 548 ut
1055 481 1220 565 Euripides
1231 482 1336 548 dicere
1396 449 1397 474 Χ

235 590 315 656 situs
330 594 387 668 est,
404 589 760 669 quamhuncmundum
810 590 907 656 audet
929 592 1016 657 deus.

235 697 288 764 ille
309 697 454 782 princeps
474 700 561 765 deus.
1397 697 1398 756 ἴ

278 805 348 889 §27
368 825 441 873 narn
458 809 541 888 quod
557 825 679 890 semper
694 827 757 874 mo·
852 808 890 892 ἐς
912 811 963 876 53.
985 811 1034 876 54.

236 920 386 981 vetur-
410 917 451 981 28
473 920 604 982 aeterna
626 923 682 984 est.

278 1027 360 1104 §29
390 1025 485 1108 idque
506 1026 591 1091 ocius
612 1027 715 1114 faciet,
735 1029 760 1092 si
852 1027 922 1111 §75
940 1027 1336 1109 disiungamusnosacor·
1398 1011 1399 1016 ¹

234 1135 299 1200 iam
323 1141 389 1199 tum
412 1153 483 1200 curn
498 1135 559 1201 erit
573 1136 713 1202 inclusus
728 1137 760 1202 in
810 1135 940 1217 poribus
971 1135 1003 1200 id
1025 1142 1073 1203 est
1092 1154 1337 1202 consuescamus

236 1261 364 1325 corpore
385 1244 534 1310 eminebit
561 1244 646 1311 foras
669 1250 701 1310 et
722 1264 760 1310 ea
810 1246 898 1311 mori.
958 1246 1026 1312 Hoc
1056 1252 1090 1313 et
1114 1245 1190 1310 dum
1216 1244 1336 1309 erimus
1399 1289 1400 1294 η

236 1372 318 1434 quae
330 1359 420 1419 extra
435 1360 529 1419 erunt
541 1355 758 1436 contemplans
810 1355 841 1418 in
863 1354 958 1420 terris
980 1357 1042 1421 erit
1066 1355 1111 1420 illi
1138 1352 1270 1420 caelesti
1291 1354 1334 1418 vi·

236 1480 332 1543 quarn
354 1462 489 1528 maxime
517 1481 551 1530 se
581 1481 601 1528 a
629 1480 760 1544 corpore
811 1467 862 1528 tae
892 1464 992 1530 simile
1022 1470 1056 1530 et
1085 1483 1159 1530 cum
1191 1464 1270 1530 illuc
1297 1481 1336 1528 ex

235 1571 409 1638 abstrahet.
809 1571 978 1638 hisvinclis
994 1574 1099 1664 emissi
1115 1570 1266 1655 feremur,
1280 1575 1336 1639 mi·
1400 1581 1401 1594 ¹

809 1699 871 1746 nus
902 1683 1084 1749 tardabitur
1124 1701 1238 1750 cursus
1269 1685 1335 1749 ani-

683 1871 685 1874 ·
810 1808 943 1856 morum.

277 1900 422 1982 Namque
451 1917 559 1965 eorum
590 1898 685 1964 animi
706 1899 760 1980 qui
851 1899 869 1982 ξ
892 1901 932 1964 27
954 1915 1074 1980 quae..
1089 1900 1122 1964 in
1142 1900 1256 1966 ceteris
1279 1899 1337 1965 hu·
1401 1913 1402 1948 l

236 2027 270 2076 se
291 2011 428 2091 corporis
458 2009 675 2092 voluptatibus
707 2009 759 2074 de·
809 2009 852 2072 mi
874 2008 1074 2076 retineretur.

236 2117 381 2184 diderunt
399 2117 645 2202 ...corporibus
659 2118 758 2200 elapsi

236 2227 351 2294 circum
384 2233 503 2294 terram
540 2228 638 2310 ipsam
672 2228 758 2293 volu·

235 2340 353 2405 tantur.
1151 2424 1153 2428 Ι

334 2444 456 2512 Deinde
475 2445 507 2510 in
522 2442 649 2510 Somnio
671 2445 726 2528 ας
744 2447 783 2510 16
803 2445 929 2511 abunde
950 2450 984 2510 et
1004 2445 1129 2524 copiose
1146 2444 1338 2511 describitur

236 2555 350 2635 quibus
371 2554 557 2636 spectaculis
589 2555 706 2620 mortui
737 2572 777 2619 ex
799 2554 873 2619 orbe
898 2554 1002 2619 lacteo
1025 2551 1182 2640 fruantur,
1215 2561 1249 2620 et
1281 2555 1336 2636 qui
1403 2579 1404 2590 ¹

236 2680 384 2730 sonorum
416 2670 584 2729 concentus
622 2663 746 2730 orbium
779 2668 867 2729 motu
905 2663 1090 2729 efficiantur.
1149 2661 1237 2730 Haec
1273 2683 1337 2730 non

236 2774 386 2854 leguntur
421 2773 452 2838 in
479 2774 505 2840 Ι.
531 2774 623 2840 Tusc.
657 2773 718 2838 Sed
745 2771 980 2839 animadvertas
1009 2773 1104 2838 velim
1130 2772 1209 2839 haec
1237 2772 1338 2840 verba

236 2881 331 2963 §472
362 2873 523 2963 ‘quamvis
552 2879 675 2961 copiose
701 2879 779 2945 haec
800 2878 973 2944 diceremus
1004 2879 1031 2944 si
1063 2897 1115 2944 res
1147 2879 1337 2960 postularet,

237 3008 332 3071 quarn
355 2991 456 3056 multa
477 3008 573 3071 quam
606 2991 693 3055 varia
714 2995 835 3073 quauta
855 2990 1036 3072 spectacula
1058 2990 1183 3054 animus
1204 2989 1235 3053 in
1258 2989 1338 3056 locis

236 3100 422 3166 caelestibus
453 3105 537 3165 esset
558 3091 748 3164 habiturus’.
794 3098 911 3165 Eodem
946 3102 1054 3164 autem
1086 3096 1194 3164 ordine
1224 3098 1334 3180 plane·

236 3213 343 3275 tarum
367 3209 458 3275 orbes
480 3209 511 3273 in
533 3227 602 3290 cap.
626 3209 663 3273 17
686 3215 922 3285 enumerantur,
951 3226 1043 3291 quem
1078 3209 1221 3287 sequitur
1243 3207 1337 3276 disci·

237 3318 332 3398 pulus
353 3316 512 3383 Posidonii
537 3316 687 3382 Geminus
708 3317 807 3384 Uran.
829 3337 860 3398 p.
882 3319 903 3382 4
924 3324 958 3384 et
979 3315 1160 3382 cleomedes
1186 3315 1201 3379 I
1229 3334 1258 3399 p.
1285 3318 1337 3395 21,

237 3427 290 3505 qui
311 3426 513 3492 Posidonium
536 3427 734 3510 potissimum
756 3432 916 3493 auctorem
938 3424 1119 3510 profitetur;
1142 3444 1213 3492 curn
1233 3423 1339 3507 Obry·

238 3536 348 3616 sippus
364 3553 460 3616 supra
476 3537 583 3601 lunam
607 3537 786 3620 proximum
809 3536 915 3615 solem,
942 3534 1053 3601 deinde
1076 3535 1241 3613 Venerem,
1262 3540 1338 3600 turn

236 3644 429 3712 Mercurium
460 3648 602 3727 posuerit
633 3645 671 3711 cl.
694 3646 780 3712 Stob.
807 3645 901 3712 ecl.I
927 3665 956 3728 p.
977 3646 1049 3721 448,
1072 3646 1102 3710 4.
1133 3645 1274 3724 itemque
1306 3650 1339 3712 et

237 3753 331 3819 Plato
361 3761 393 3820 et
415 3755 601 3820 Aristoteles
625 3755 719 3819 lunae
741 3756 920 3836 proximum
950 3754 1049 3821 solem
1080 3772 1148 3820 esso
1174 3754 1338 3820 voluerint

238 3859 290 3946 (cl.
313 3861 352 3929 de
374 3864 434 3929 hac
456 3883 490 3929 re
513 3863 694 3930 Balioreum
718 3864 802 3945 apud
826 3863 959 3930 Bakium
983 3864 1022 3929 ad
1053 3863 1170 3929 Cleom.
1191 3882 1222 3944 p.
1245 3864 1337 3944 311).

205 3957 209 4001 ³
237 3971 358 4038 Deinde
390 3974 473 4052 quod
502 3991 599 4054 supra
622 3973 729 4039 lunam
752 3974 857 4039 omnia
879 3979 1018 4052 aeterna,
1052 3971 1134 4038 inira
1167 3971 1243 4036 nibil
1275 3972 1336 4037 nisi

238 4083 373 4150 mortale
407 4102 476 4151 esse
507 4084 636 4162 dicitur,
670 4087 781 4149 notum
812 4087 862 4148 est
897 4101 936 4149 ex
966 4082 1142 4149 Stoicorum
1175 4081 1337 4147 sententia

240 4193 378 4275 aethera,
410 4194 441 4258 in
474 4210 537 4274 quo
569 4199 658 4260 astro
690 4192 796 4258 divina
827 4191 1006 4273 volvantur,
1039 4192 1155 4258 alona
1187 4189 1337 4272 incipere,
