2828 4868
617 325 656 390 17

79 508 222 574 aceedit:
245 507 282 573 cf.
305 507 478 572 enimcum
501 505 524 589 ξ’
534 508 574 572 47
600 506 719 574 Phaed.
742 528 771 591 p.
784 508 824 572 65
842 506 881 572 G:
913 505 1072 592 λογίζεται
1093 506 1130 573 δέ
1149 506 1185 592 ya'

80 641 152 683 που
171 610 247 681 τότε
269 609 423 681 κάλλιστα
446 608 479 701 (ἡ
501 610 613 704 ψυχή),
638 609 716 680 ὅταν
736 612 836 700 μηδὲν
856 609 982 680 τούτων
996 608 1106 702 ἀὐτήν
1122 639 1184 680 τια-

82 725 225 814 perlongi,
267 719 348 814 μήτε
382 715 467 814 door}
499 719 581 814 μήτε
614 714 695 809 ὄψις
724 718 809 809 μήτε
840 714 988 812 ἀλγηδών
1022 723 1105 811 μηδὲ
1136 748 1185 802 τις

82 829 194 921 ἱδονή,
219 825 287 898 ἀλλ’
312 829 376 899 ὅτι
391 828 534 917 μάλιστα
555 825 636 923 αὐτὴ
658 833 735 898 καθ’
758 828 860 918 αὑτήν
880 831 1066 920 γίγνηται..
1084 831 1138 898 καὶ
1158 883 1184 898 ..

83 935 236 1030 ὀρέγηται
257 942 317 1008 τοῦ
339 933 442 1020 ὄντος.
466 942 574 1009 Habes
595 943 690 1008 etiam
713 942 793 1008 illud
813 942 924 1024 ‘quale
946 943 1083 1025 quidque
1105 933 1185 1009 est’:

82 1055 127 1118 D:
149 1051 231 1137 λέγω
264 1050 300 1117 δὲ
330 1050 409 1134 περὶ
441 1045 575 1116 πάντων
598 1102 626 1118 ..
655 1042 841 1136 ὃτυγχάκει
868 1048 1005 1116 ἕκαστον
1034 1040 1080 1117 ὅν.
1124 1051 1185 1117 Sed

83 1162 202 1226 similia
229 1161 405 1227 invenimus
428 1161 457 1225 in
481 1159 559 1225 libro
579 1160 604 1225 Ι.
626 1162 665 1226 de
681 1160 740 1226 dir.
757 1159 795 1227 ci.
819 1161 922 1226 locum
939 1179 1037 1240 supra
1052 1159 1185 1224 allatum

85 1269 119 1353 (ξ
137 1273 200 1350 63),
224 1269 337 1336 deinde
360 1269 470 1352 §1152
492 1261 595 1349 ‘viget
616 1269 740 1335 animus
764 1269 795 1334 in
819 1270 936 1335 somnis
950 1268 1033 1334 liber
1055 1268 1093 1333 ab
1115 1286 1187 1332 sen-

84 1379 174 1445 sibus
196 1379 342 1460 omnique
371 1377 574 1459 impeditione
594 1368 770 1456 curarum',
795 1380 902 1459 §1292
923 1370 1009 1442 ‘alia
1029 1377 1110 1442 ratio
1127 1381 1186 1454 est,

85 1506 169 1569 quae
190 1490 282 1555 docet
302 1494 421 1570 quanta
447 1489 490 1554 sit
518 1488 618 1553 animi
644 1489 692 1554 vis
716 1488 856 1553 seiuncta
880 1509 901 1552 a
929 1487 1071 1568 corporis
1089 1486 1187 1550 sensi-

85 1588 166 1662 bua'.
192 1596 312 1663 Deinde
335 1614 412 1661 vero
431 1593 515 1658 illam
537 1595 577 1659 de
598 1591 753 1679 aprrppip
775 1593 975 1672 sententiam,
1003 1610 1097 1673 quarn
1113 1591 1187 1657 huic

85 1706 154 1771 loco
176 1706 305 1771 subesse
324 1704 503 1782 statuimus,
517 1705 586 1768 Pos.
609 1704 640 1767 in
661 1703 741 1768 libro
762 1700 840 1784 περὶ
863 1699 1030 1788 κριτηρίου
1045 1701 1187 1782 tetigisse

86 1810 213 1893 quidem
236 1811 382 1877 Laertius
412 1809 542 1876 tradidit
562 1809 631 1888 Vll,
655 1811 710 1874 54:
744 1798 838 1873 ἄλλοι
864 1806 901 1873 δέ
925 1809 1103 1884 ronegario
1129 1798 1187 1887 ἆρ-

87 1916 270 2000 χαιοτὲρωκ
291 1919 447 1982 Στωϊκῶν
467 1912 536 1983 τὸν
567 1911 698 2000 ὀρθὸν
725 1912 843 2001 λόγον
864 1909 1029 2002 κριτήριον
1049 1907 1188 1982 αἰτολιί-

86 2049 209 2093 nonore
230 2020 276 2104 οἷς
298 2019 555 2104 ὁΠοσειδώνιος
570 2025 603 2090 ἐν
617 2027 664 2112 τῷ
681 2025 759 2110 περὶ
778 2025 945 2111 κριτηρίου
958 2025 1049 2113 φησί.
1073 2026 1187 2104 Quem·

87 2156 183 2221 quarn
207 2136 285 2202 haee
307 2136 520 2217 antiquiorum
533 2135 707 2201 Stoicorum
731 2137 987 2201 commemoratio
1001 2154 1067 2200 rem
1083 2137 1188 2218 potius

91 2245 223 2313 turbare
246 2245 379 2311 videtur.
407 2243 469 2310 Sed
485 2245 735 2327 coniungendum
760 2262 918 2310 esserum
942 2244 1002 2309 hoe
1023 2246 1090 2310 loco
1102 2243 1187 2312 Sext.

87 2355 181 2437 Emp.
195 2355 265 2420 adr.
277 2353 375 2419 math.
392 2353 463 2434 Vll,
479 2355 519 2418 93
536 2355 597 2418 iam
611 2353 690 2418 vidit
702 2353 820 2419 Bakius
836 2356 891 2420 rel.
903 2354 1046 2421 Posidou.
1068 2373 1098 2434 p.
1111 2356 1189 2438 2483

87 2465 172 2529 unde
193 2481 265 2528 cum
286 2463 359 2528 huic
389 2464 456 2528 loco
480 2462 598 2542 aliquid
619 2462 699 2528 lucis
722 2463 836 2529 adferri
862 2482 952 2547 posse
980 2468 1096 2546 putem,
1120 2482 1187 2530 rem

90 2572 188 2654 paulo
211 2573 346 2654 amplius
366 2578 567 2637 enarrantem
595 2571 782 2654 ambagibus
806 2591 856 2638 me
879 2573 924 2637 uti
952 2590 1014 2637 uon
1036 2574 1137 2638 visum
1151 2574 1189 2637 iri

89 2699 192 2764 spero.

190 2785 321 2857 Sextum
344 2789 434 2871 Emp.
458 2791 490 2855 in
512 2790 532 2854 l.
556 2790 626 2855 Vll.
660 2789 917 2873 pbilosophorum
939 2790 1188 2874 dogmatioorum

88 2902 128 2966 de
150 2897 304 2985 κριτηρίῳ
319 2900 492 2965 sententias
509 2898 641 2965 diversis
661 2899 893 2966 commentariis
915 2918 1007 2964 usum
1030 2901 1190 2982 conscrip-

90 3010 170 3075 sisse
192 3027 229 3074 eo
251 3013 394 3091 apparet,
418 3006 500 3089 quod
524 3008 680 3090 quaedam
702 3006 749 3072 bis
777 3025 835 3072 nec
863 3025 920 3073 suo
942 3007 1009 3074 loco
1032 3009 1189 3090 leguntur.

90 3116 266 3182 Nemeum
289 3134 395 3183 rerum
421 3117 560 3182 ordinem
585 3123 722 3194 secutus,
751 3122 786 3182 ut
814 3136 834 3182 a
856 3116 1000 3182 Thaletis
1023 3119 1188 3184 sectatori·

89 3226 150 3293 bus
173 3227 332 3308 inciperet,
363 3226 474 3291 deinde
495 3227 777 3311 Pythagoricorum
810 3228 966 3293 sententia
988 3228 1130 3307 exposita
1150 3228 1190 3293 ad

91 3336 221 3402 Eleates
244 3337 405 3415 transiret,
432 3341 499 3401 tum
521 3335 724 3418 Empedoclis
750 3335 903 3402 Heracliti
926 3336 1095 3403 Democriti
1119 3336 1189 3402 Pla-

90 3444 175 3509 tonis
213 3443 348 3509 aliorum
391 3444 564 3510 sententias
598 3448 777 3522 enarraret,
817 3443 1088 3526 Pythagoreorum
1121 3463 1189 3509 sen·

92 3553 223 3618 tentiam
258 3553 417 3634 explicans
459 3567 569 3619 versus
604 3552 830 3635 Empedocleos
858 3558 1092 3629 commemorat,
1124 3572 1189 3619 eos·

91 3663 162 3727 dem
194 3667 267 3743 post
298 3662 357 3728 sub
388 3662 585 3743 Empedoclis
618 3663 743 3726 nomine
771 3663 887 3744 repetit
919 3663 1092 3745 eodemque
1124 3662 1191 3727 loco

93 3771 263 3837 Democriti
285 3778 318 3837 et
340 3770 481 3837 Platonis
503 3771 677 3837 sententias
702 3772 815 3854 tangit,
837 3772 876 3837 de
897 3771 1012 3852 quibus
1033 3776 1106 3853 post
1128 3772 1191 3838 dic·

93 3886 184 3945 turus
206 3885 284 3946 erat.

193 3988 252 4066 Qui
273 3989 341 4067 loci,
368 3993 405 4055 ut
431 3999 513 4072 quae
533 3990 614 4055 ratio
637 3990 719 4055 iuter
746 4007 799 4054 eos
827 3990 1004 4056 intercedat
1028 3988 1192 4072 intellega-

92 4105 155 4178 tur,
176 4100 355 4189 accuratius
378 4099 461 4166 inter
484 4118 519 4165 se
541 4098 721 4165 conterendi
742 4105 825 4165 sunt.

192 4208 262 4273 Duo
277 4208 476 4292 Empedoclis
491 4209 699 4291 interpretum
722 4227 838 4292 genera
860 4208 1090 4293 discernuntur,
1116 4210 1190 4274 115:

977 4345 993 4397 2
