2828 4868
245 459 350 526 Somn.
374 459 457 542 Scip.
855 461 946 529 Tusa.
970 463 995 527 Ι.

130 593 148 675 5
173 594 213 658 13
235 592 307 660 hino
329 593 461 676 profecti
483 595 545 660 huc
567 615 612 662 re·
706 594 724 678 ὅ
746 597 784 660 72
807 597 847 662 ad
871 595 941 662 illos
962 596 1113 679 aquibus
1140 617 1186 664 os-

80 707 268 768 vertuntur.
662 710 732 771 sent
753 703 882 787 protecti
903 705 1041 780 reditum
1062 704 1187 773 facilem

662 820 781 895 patere.

123 942 206 1024 §14
239 944 334 1010 immo
355 964 427 1010 vero
447 947 468 1011 ii
490 950 611 1029 vivunt,
705 947 786 1029 §75
821 965 882 1028 quo
904 965 975 1012 oum
999 949 1185 1028 venerimus,

82 1052 143 1134 qui
166 1070 369 1135 eoorporum
388 1055 610 1123 vinculistam-
662 1062 730 1122 tum
757 1056 891 1140 denique
924 1057 1079 1134 vivemus;
1113 1077 1187 1124 nam

82 1178 184 1240 quam
207 1181 224 1228 e
245 1181 370 1230 earcere
393 1165 612 1248 evolaverunt;
662 1165 741 1232 haeo
761 1168 889 1249 quidem
909 1167 977 1231 vita
1003 1185 1087 1232 mors
1107 1171 1165 1234 est.

81 1276 196 1337 vestra
217 1290 290 1338 vero
310 1291 393 1354 quae
414 1274 528 1342 dieitur
546 1276 612 1341 vita

83 1397 173 1447 mors
197 1374 253 1448 e'st.
645 1387 648 1394 '

131 1507 149 1552 e
171 1507 336 1570 corporum
359 1493 488 1565 vinculis
705 1495 723 1577 5
747 1497 787 1561 74
812 1496 867 1560 illa
888 1494 990 1558 vinela
1014 1493 1157 1560 carceris.

131 1602 284 1677 tanquam
308 1619 347 1667 ex
370 1621 505 1671 carcere.
706 1606 774 1684 §75
797 1604 897 1671 exhis
909 1602 1018 1670 vinclis
1037 1606 1042 1682 i
1062 1603 1092 1666 in
1105 1620 1187 1667 com·

662 1714 795 1798 pedibus
815 1713 964 1795 corporis.

131 1841 201 1925 §15
224 1842 284 1907 nisi
308 1844 391 1909 enim
414 1845 611 1914 denaia...
704 1848 784 1931 §74
810 1823 897 1912 vetat
917 1846 1001 1913 enim
1022 1847 1188 1912 dominans
1268 1907 1269 1910 ,

83 1951 156 2016 istis
175 1954 207 2016 to
222 1954 361 2036 corporis
373 1955 521 2021 custodiis
536 1956 610 2022 libe·
663 1957 716 2022 ille
749 1957 780 2020 in
821 1955 911 2022 nobis
943 1957 1029 2020 Deus
1065 1953 1187 2020 iniussu

85 2060 216 2140 raverit,
229 2063 291 2128 huc
305 2063 363 2129 tibi
375 2063 482 2130 aditus
503 2069 612 2146 patere
664 2065 736 2130 hinc
757 2082 814 2130 noo
836 2082 893 2129 suo
916 2064 1096 2146 demigrare
1118 2113 1124 2128 .

84 2187 149 2234 non
172 2176 285 2251 potest.
344 2171 496 2238 Homines
530 2172 612 2238 enim
664 2191 781 2243 ..nec
801 2180 907 2240 tamen
928 2173 984 2237 illa
1000 2171 1104 2237 vinola
1118 2188 1185 2234 oar-

85 2283 166 2343 sunt
187 2278 246 2344 hac
271 2279 341 2362 lege
375 2282 527 2365 generati,
559 2280 612 2362 qui
662 2285 742 2350 ceris
754 2281 875 2364 ruperit
886 2281 1188 2363 (sapiensi-leges

85 2392 256 2452 tuerentur
283 2389 373 2454 ilium
397 2391 565 2473 globum..
581 2441 612 2456 ..
663 2395 747 2460 enim
770 2397 928 2457 vetant-
942 2391 998 2457 sed
1020 2396 1187 2471 tamquam
1210 2401 1215 2410 “

86 2515 251 2562 .....neo
270 2498 389 2563 iniussu
408 2499 483 2578 eius,
507 2518 526 2564 a
549 2516 611 2579 quo
664 2521 684 2567 a
710 2500 901 2583 magistratu
930 2505 986 2565 aut
1018 2500 1058 2565 ab
1079 2500 1188 2581 aliqua

84 2603 143 2669 ille
164 2603 317 2688 (animus)
337 2611 386 2673 est
405 2606 491 2673 vobis
509 2607 613 2692 datus,
664 2615 823 2693 potestate
845 2609 997 2690 legitima,
1022 2611 1067 2676 sio
1087 2629 1107 2675 a
1127 2611 1186 2676 deo

85 2733 125 2779 ex
146 2713 306 2781 hominum
328 2716 394 2782 vita
415 2718 613 2799 migrandum
665 2724 814 2787 evocatus
843 2722 940 2799 atque
971 2716 1102 2784 emissus
1133 2738 1187 2784 ex-

85 2829 145 2891 est.
662 2830 741 2897 ierit.

129 2957 202 3040 §16
224 2977 261 3024 ea
277 2959 343 3026 vita
362 2959 414 3024 via
431 2962 482 3025 est
496 2960 528 3023 in
541 2978 611 3026 eae·
705 2966 723 3042 ξ
748 2964 788 3027 27
810 2962 907 3040 vitae,
935 2978 1018 3041 quae
1040 2961 1071 3026 in
1093 2961 1187 3028 claris

85 3069 163 3132 lum.
661 3071 735 3136 viris
757 3077 790 3137 et
811 3068 934 3135 feminis
968 3071 1034 3136 dux
1063 3070 1093 3133 in
1117 3087 1187 3136 oae-

661 3182 728 3246 lum
750 3180 865 3247 soleret
887 3197 967 3247 esse.

129 3317 208 3394 §26
242 3333 299 3382 uec
330 3314 414 3382 enim
440 3323 477 3383 tu
512 3319 539 3385 is
567 3338 611 3400 es,
704 3314 774 3398 §52
794 3332 895 3397 neque
913 3333 969 3382 nos
988 3333 1120 3398 corpora
1135 3332 1186 3378 su·

86 3423 533 3509 quemiormaistadeolarat,
556 3428 612 3494 sed
662 3443 732 3490 mus
756 3474 763 3488 .
785 3476 792 3488 .
817 3477 824 3490 .
846 3443 918 3490 cum
947 3425 1044 3507 igitur
1074 3423 1187 3491 ‘nosco

86 3551 175 3599 mens
190 3534 342 3614 cuiusque
358 3535 385 3600 is
401 3541 451 3601 est
465 3537 607 3618 quisque,
661 3539 694 3599 te
706 3534 791 3618 dicit,
813 3534 873 3600 hoc
895 3532 970 3598 dicit
987 3531 1097 3600 ‘nosce
1118 3533 1187 3597 ani-

86 3659 149 3707 non
177 3661 216 3708 ea
250 3641 362 3724 figura,
397 3660 480 3723 quae
513 3644 611 3726 digito
661 3662 747 3708 mum
774 3641 877 3708 tuum'
1007 3643 1046 3708 ab
1082 3641 1186 3707 animo

86 3753 295 3818 demonstrari
316 3755 429 3835 potest.
463 3751 563 3817 Deum
579 3758 612 3818 te
663 3756 717 3817 tuo
746 3751 898 3833 quidquid
919 3752 1035 3832 agitur,
1067 3750 1099 3817 id
1121 3750 1187 3832 agi·

85 3862 182 3943 igitur
203 3861 281 3927 scito
314 3879 393 3942 esso,
426 3861 451 3928 si
485 3861 609 3941 quidem
661 3868 715 3928 tur
736 3881 756 3927 a
776 3867 818 3928 te.
1108 3847 1110 3852 ’

86 3975 135 4036 est
156 3970 242 4047 deuo,
265 3971 317 4054 qui
338 3972 421 4055 oiyet
441 3970 494 4051 qui
515 3970 612 4035 sentit
704 3973 724 4052 ξ
745 3973 785 4036 65
820 3989 901 4053 quae
931 3974 1038 4036 autem
1058 3968 1184 4036 divinat
1210 4024 1213 4030 .

86 4078 139 4161 qui
161 4081 301 4145 meminit
324 4082 376 4162 qui
394 4079 538 4161 providet
558 4079 611 4161 qui
663 4080 767 4160 vigere
790 4096 901 4159 sapere
920 4078 1060 4144 invenire
1080 4079 1184 4143 merni-

84 4195 151 4255 tam
183 4190 266 4272 regit
299 4195 332 4255 et
365 4187 549 4254 moderatur
579 4196 612 4254 et
662 4189 753 4254 uisae.
773 4205 847 4272 ergo
861 4188 983 4253 animus
998 4193 1035 4253 ut
1047 4206 1105 4271 ego
1117 4188 1186 4254 dico
