2828 4868
653 263 671 325 7

106 443 349 525 argumentatio
378 447 410 506 et
438 441 487 508 his
510 445 543 506 et
565 442 612 524 iis,
648 461 729 524 quac
762 449 874 509 contra
911 450 1031 512 ceteros
1060 447 1213 528 disputat,

106 550 262 616 turbatur
284 557 317 616 et
340 550 555 633 abrumpitur;
578 569 673 632 quam
697 553 815 619 verbis:
836 547 874 618 ‘is
896 560 1003 620 antem
1027 546 1160 622 animus'
1181 557 1212 620 in

108 659 128 742 ξ
146 661 190 724 42
210 661 315 725 denuo
337 661 477 742 suscipit.
522 661 587 726 Cur
609 668 714 727 autem
739 663 794 727 illa
815 663 1048 748 interposuerit,
1070 669 1212 746 apparet.

106 768 210 834 Nulla
233 768 314 835 enim
345 767 466 834 ratione
490 768 663 835 Stoicorum
687 771 725 837 de
747 772 852 836 animo
874 773 1030 838 sententia
1060 773 1119 838 hoc
1145 774 1212 840 ioco

108 879 275 960 probatur.
299 879 413 959 Itaque
436 881 561 960 nequis
584 881 643 946 hac
663 881 878 965 impugnanda
900 883 959 947 toti
982 883 1213 949 ratiocinationi

107 989 354 1054 fundamentum
389 989 579 1056 subduceret
612 1008 690 1055 neve
711 990 775 1072 ipse
798 990 922 1057 Stoicus
940 991 1111 1072 videretur,
1134 992 1212 1060 alias

107 1098 286 1163 sententias
309 1098 336 1163 ei
359 1099 615 1182 accommodavit,
638 1098 716 1164 alias
731 1117 811 1180 quas
836 1117 875 1164 ne
897 1100 957 1164 isto
972 1101 1096 1182 quidem
1120 1103 1211 1168 modo

106 1212 247 1290 poterat,
271 1204 472 1287 improbavit.

211 1314 332 1393 Quibus
355 1315 490 1397 peractis
514 1316 689 1396 exponitur,
727 1321 845 1396 quanto
875 1318 988 1384 melius
1021 1319 1116 1383 animi
1140 1325 1211 1399 post

107 1430 245 1492 mortem
267 1441 362 1504 quarn
391 1443 460 1490 cum
475 1443 616 1505 corpore
636 1426 795 1491 coniuncti
818 1445 852 1492 se
866 1427 1005 1494 habeant
1020 1428 1211 1512 (qod-47).

107 1535 169 1614 Qui
193 1535 281 1600 locus
303 1535 501 1600 concluditur
530 1535 672 1600 irrisione
695 1535 923 1616 Epicureorum
947 1537 1069 1604 animos
1095 1543 1211 1604 morta-

106 1645 156 1711 les
178 1644 387 1710 iudicantium
409 1643 441 1725 (ᾗ
456 1644 506 1721 48,
522 1644 588 1725 49).
625 1643 695 1721 Qua
718 1644 842 1726 quidem
872 1646 903 1710 id
925 1664 986 1711 non
1009 1647 1086 1711 satis
1109 1647 1210 1729 expri-

107 1754 219 1832 mitur,
243 1752 326 1834 quod
350 1751 483 1833 scriptor
500 1753 610 1818 voluit.
656 1753 812 1818 Videntur
833 1754 915 1819 enim
937 1755 1083 1837 Epicurei
1113 1754 1152 1818 ab
1175 1773 1210 1820 eo

105 1862 297 1942 vituperari,
346 1862 430 1942 qnod
464 1867 597 1927 naturae
633 1863 839 1943 cognitionem
879 1862 972 1928 nimis
1005 1864 1210 1928 admirentur.

106 1972 223 2037 Elucct
236 1987 312 2036 vero
325 1969 505 2037 Ciceronem
517 1971 587 2037 illos
602 1970 790 2054 reprendere
812 1971 960 2049 voluisse,
984 1971 1068 2051 quod
1091 1971 1210 2037 animos

108 2082 213 2146 morte
233 2079 337 2160 perire
357 2079 473 2145 vellent
504 2098 560 2144 nec
589 2080 619 2146 id
642 2079 725 2160 quod
748 2077 843 2144 Stoici
865 2077 1002 2162 physicis
1035 2079 1210 2146 rationibus
1271 2155 1273 2160 ,

107 2187 233 2254 efficere
254 2189 427 2256 studerent.

211 2296 300 2374 Quae
320 2296 381 2361 hac
402 2300 494 2376 parte
516 2295 727 2380 disputantur,
756 2314 865 2362 eorum
887 2295 1025 2378 plurima
1058 2313 1076 2358 a
1098 2293 1210 2363 Stoicis

107 2412 237 2486 sumpta
269 2425 339 2472 esse
365 2403 460 2471 facile
483 2405 687 2487 intellegitur.
732 2404 791 2482 Qui
815 2403 897 2470 tales
931 2405 1133 2486 quaestiones
1166 2407 1210 2470 sie

108 2515 285 2581 instituisse
307 2515 463 2598 videntur,
485 2520 522 2579 ut
546 2515 698 2596 principio
715 2518 870 2596 ponerent
895 2531 943 2593 ea‚
972 2512 1087 2593 quibus
1109 2513 1210 2595 magis

108 2625 339 2706 persuaderent
361 2624 539 2704 legentibus
561 2641 657 2703 quarn
687 2623 809 2688 ratione
841 2624 1012 2689 vincerent.
1056 2622 1138 2688 Nam
1173 2629 1210 2688 ut

109 2736 168 2801 hoc
189 2734 256 2799 loco
277 2733 385 2798 Cicero
410 2739 442 2798 et
462 2733 662 2813 antiquitatis
685 2732 876 2799 auctoritate
897 2737 930 2798 et
950 2730 1113 2797 hominum
1137 2749 1209 2796 con·

109 2843 252 2910 sensione
286 2843 408 2922 nititur,
439 2843 485 2907 ita
517 2841 653 2919 Quintus
678 2841 777 2908 frater
811 2843 1028 2922 quaestionem
1062 2843 1101 2906 de
1132 2841 1209 2908 divi·

109 2951 236 3016 natione
250 2948 290 3035 (Ι,
302 2953 357 3028 11)
370 2951 414 3016 sic
429 2950 632 3033 aggreditur:
646 2943 729 3015 ‘cum
744 2951 997 3032 antiquissimam
1008 2952 1207 3030 sententiam,

109 3067 177 3126 tum
204 3060 343 3124 omniurn
368 3060 555 3141 populorum
577 3064 610 3126 et
632 3060 772 3140 gentium
797 3077 949 3126 consensu
973 3059 1208 3141 comprobatam

108 3159 233 3250 sequor'
256 3167 398 3250 (ci.§l).
441 3167 561 3233 Eodem
595 3169 687 3233 modo
717 3170 748 3232 in
769 3168 810 3232 H.
833 3168 872 3232 de
904 3168 933 3232 d.
957 3185 987 3232 n.
1022 3169 1208 3250 priusquam

109 3277 245 3360 physicis
268 3275 442 3341 rationibus
465 3276 539 3341 deos
554 3295 622 3342 esse
643 3276 855 3355 confirmatur,
878 3276 939 3341 hoc
958 3277 1101 3342 omnibus
1117 3279 1209 3357 quasi

109 3387 252 3451 innatum
272 3403 341 3451 esse
362 3385 552 3467 explicatur.
579 3384 621 3450 Et
643 3385 778 3449 multum
800 3386 829 3449 in
853 3384 901 3450 his
921 3386 997 3466 ipsis
1020 3387 1209 3466 quaestioni-

109 3498 167 3561 bus
198 3493 319 3560 Stoicos
347 3494 595 3574 praesumptioni
625 3495 762 3558 omniurn
787 3494 950 3559 hominum
976 3493 1053 3558 dare
1075 3513 1207 3560 comme-

110 3609 214 3668 morat
238 3601 357 3669 Seneca
379 3602 410 3666 in
430 3622 479 3684 ep.
501 3605 570 3682 117,
596 3605 624 3667 6.
668 3602 788 3667 Deinde
817 3603 941 3669 etiamsi
963 3605 1003 3669 de
1024 3604 1121 3668 rebus
1142 3603 1208 3668 sin-

110 3714 194 3796 gulis
217 3712 377 3804 opiniones
398 3713 506 3778 variae
528 3712 600 3789 sint,
632 3716 738 3776 tamen
761 3731 916 3778 summam
937 3717 1083 3779 constare
1110 3710 1208 3793 pluri-

111 3822 167 3887 bus
189 3821 264 3886 locis
286 3823 456 3903 repetitur:
473 3821 606 3900 Tusci,
628 3822 669 3886 30
689 3813 793 3885 ‘multi
814 3822 852 3886 de
876 3822 924 3886 dis
947 3840 1042 3902 prava
1067 3822 1209 3887 sentiunt

113 3980 119 3994 .
142 3981 148 3994 .
169 3947 278 3995 ornnes
307 3935 415 3995 tamen
439 3947 508 3994 esse
530 3930 594 3993 vim
621 3934 653 3992 et
673 3935 821 3994 naturam
836 3929 972 3995 divinam
988 3920 1209 4010 arbitrantur'3

113 4039 201 4106 ded.
225 4057 255 4102 n.
277 4038 320 4116 Π,
344 4039 398 4102 12;
418 4030 577 4104 ‘omnibus
599 4039 744 4104 innatum
768 4044 817 4104 est
840 4087 847 4101 .
872 4089 879 4102 .
901 4056 968 4103 esse
990 4039 1075 4122 deos,
1098 4038 1207 4118 quales

111 4149 171 4215 sint
205 4146 328 4212 varium
360 4151 418 4228 est,
452 4132 529 4214 esse
553 4165 644 4213 nemo
669 4138 793 4230 negat';
827 4146 866 4213 de
894 4148 1001 4229 leg.1‚
1025 4149 1079 4212 24:
1106 4145 1206 4212 ‘nulla
