2828 4868
625 348 643 410 5
676 296 680 304 ,

185 527 274 606 Quae
288 532 479 609 argumenta
499 547 519 593 a
534 527 593 595 Cic.
615 546 676 592 non
692 528 769 596 satis
784 533 932 596 accurate
947 529 1186 611 distinguuntur

83 657 188 721 neque
211 638 260 703 hio
284 637 370 703 locus
392 637 432 704 ab
454 638 679 718 interpretibus
689 637 712 722 ¹)
741 636 877 721 perfecte
903 639 1094 722 explanatus
1117 656 1186 704 esse

82 747 218 814 videtur.
251 746 340 813 Haec
369 752 426 827 est,
455 751 610 829 quantum
645 747 745 827 video,
780 765 875 829 quarn
913 747 974 813 Cic.
1008 739 1184 830 exprimere

83 857 196 923 studet
218 857 389 922 sententia:
412 855 509 922 foisse
532 857 616 936 apud
632 857 779 936 antiquos
803 857 885 922 viros
900 858 1031 923 summis
1053 857 1184 939 ingeniis

81 965 255 1048 praeditos,
279 965 334 1044 qui
352 964 469 1030 scirent
490 964 632 1031 homines
653 965 754 1030 claros
769 971 841 1046 post
863 970 997 1030 mortem
1012 967 1043 1030 in
1062 967 1184 1032 caelum

81 1072 187 1139 efferri
218 1091 275 1139 nec
298 1079 417 1140 ceteros
441 1092 500 1138 non
524 1093 719 1156 permanere.
763 1075 876 1157 itaque
897 1093 1052 1141 summam
1076 1094 1182 1141 curam

82 1189 115 1248 et
150 1183 300 1248 honorem
324 1183 395 1249 illos
416 1183 550 1250 mortuis
572 1183 730 1262 tribuisse,
765 1201 828 1264 qua
849 1204 884 1251 re
906 1185 1024 1251 factum
1046 1203 1125 1269 esse,
1149 1191 1185 1252 ut

82 1291 199 1373 vulgus
224 1292 367 1358 homines
402 1292 441 1356 de
462 1309 576 1372 genere
597 1293 735 1358 humano
768 1293 847 1358 bene
879 1294 1009 1359 meritos
1044 1275 1185 1361 mortuos

82 1399 158 1466 deos
181 1405 310 1482 putaret
332 1398 383 1482 (cf.
405 1399 467 1467 Cic.
486 1401 526 1465 de
545 1401 573 1465 d.
595 1419 625 1464 n.
647 1402 690 1482 Π,
715 1403 771 1483 6ος
796 1402 938 1482 Krische,
962 1401 1185 1484 Forschungen

80 1511 144 1574 439
170 1507 263 1593 squ).
309 1506 479 1592 Sapientes.
496 1514 604 1574 autem
628 1508 675 1573 iili
698 1510 819 1590 antiqui
842 1528 902 1575 non
926 1516 1001 1576 sunt
1020 1510 1112 1575 iidem
1135 1516 1184 1577 at·

81 1637 143 1700 que
161 1619 215 1698 qui
230 1622 355 1683 tantum
371 1617 429 1683 sibi
445 1624 667 1699 porussorum,
692 1622 848 1697 quantum
863 1625 979 1685 natura
994 1618 1184 1689 admonente

83 1731 298 1807 cognoverant
325 1727 358 1806 (ἓ
373 1727 436 1806 29).
481 1725 542 1792 Sed
572 1727 620 1791 his
653 1726 756 1793 verbis
789 1729 852 1792 iarn
879 1727 909 1791 in
931 1729 1067 1793 alterum
1091 1747 1181 1810 argu·

82 1839 224 1900 mentum
247 1834 365 1900 incidit.
396 1834 475 1899 Nam
500 1836 596 1900 etiarn
619 1835 751 1901 indoctis
774 1835 951 1902 hominibus
973 1837 1093 1903 animos
1114 1843 1185 1920 pei·-

81 1961 210 2010 manere
233 1962 421 2025 persuasum
453 1949 500 2009 est
521 1981 562 1990 -
583 1946 701 2010 natura
734 1945 817 2010 enim
840 1946 931 2011 docet
965 1981 1004 1993 —
1038 1946 1094 2012 sed
1127 1965 1184 2011 cur

85 2057 281 2133 remaneant,
317 2071 378 2118 non
412 2054 510 2119 docet.
563 2053 621 2120 Est
654 2055 737 2120 enim
770 2055 926 2135 quaedam
948 2049 1117 2140 πρόληψις
1146 2059 1184 2121 ut

80 2160 218 2226 aliarum
253 2161 297 2225 sie
324 2161 420 2226 huius
454 2162 507 2238 rei,
540 2178 623 2240 quae
658 2181 677 2227 a
709 2161 837 2227 Laertio
869 2163 939 2242 VII,
962 2165 1003 2228 54
1035 2162 1184 2231 definitur

83 2265 195 2335 ἔννοια
216 2263 338 2357 φυσική
369 2263 615 2349 sarmatico,
646 2289 709 2351 qua
731 2277 840 2338 tamen
861 2271 939 2337 nihil
962 2272 1046 2338 aliud
1071 2275 1130 2339 nisi
1151 2274 1183 2338 id

80 2382 184 2463 ipsum
217 2399 399 2460 pcrmoocrc
430 2379 552 2444 animos
573 2380 759 2445 continetur.
806 2379 871 2446 Gor
913 2388 1122 2462 permaneant
1151 2387 1184 2448 et

79 2488 146 2562 ubi,
180 2487 303 2554 ratione
335 2487 517 2554 discendum
552 2493 602 2554 est
630 2481 686 2573 (cf.
710 2492 810 2572 §tibh
866 2492 978 2570 Itaque
1009 2496 1180 2575 antequam

78 2599 219 2664 rationes
241 2597 389 2679 physicae
411 2599 590 2680 explicatae
614 2603 729 2676 essent,
753 2597 895 2664 homines
915 2600 1036 2666 animos
1056 2618 1180 2681 perma-

79 2727 156 2775 nere
177 2708 256 2774 visis
278 2706 441 2774 nocturnis
456 2706 692 2772 confirmabant.
730 2707 773 2770 Et
794 2713 831 2772 ut
852 2708 891 2772 de
911 2707 959 2775 dis
977 2709 1084 2773 variae
1106 2728 1181 2791 pra-

77 2836 203 2901 vaeque
224 2818 386 2883 hominum
410 2816 570 2896 opiniones
592 2821 677 2896 sunt,
700 2835 833 2899 quarum
857 2821 966 2882 tamen
990 2819 1125 2882 omnium
1149 2819 1180 2883 id

78 2945 246 2994 commune
267 2932 324 3007 est,
349 2945 414 2991 esse
434 2925 518 3007 deos,
541 2926 587 2992 sio
608 2925 703 2990 etiarn
719 2924 802 2992 falsa
824 2927 970 3007 opinione
983 2944 1079 3008 saepe
1100 2927 1182 2993 indi-

78 3044 172 3104 catur
204 3055 271 3102 esse
307 3033 485 3099 hominibus
505 3034 592 3098 illam
624 3035 923 3118 praesumptionem,
962 3052 1025 3115 qua
1058 3036 1179 3102 animos

78 3165 144 3212 non
177 3145 305 3211 interire
335 3143 475 3212 credant.
521 3144 572 3208 Ita
602 3161 710 3209 omnes
739 3149 872 3209 mortem
903 3161 1032 3211 suorum
1061 3145 1179 3226 lugent.

78 3256 206 3336 Lugent
235 3258 352 3331 autem,
387 3254 463 3334 quia
496 3258 636 3317 mortuos
671 3253 843 3320 commodis
876 3255 962 3319 vitae
993 3274 1028 3322 se
1049 3255 1180 3322 orbatos

78 3381 150 3430 esse
186 3364 302 3428 sentire
336 3361 541 3439 arbitrantur,
577 3362 685 3444 itaque
719 3383 783 3427 esse
815 3380 868 3428 eos
899 3363 1047 3430 indicant.
1090 3364 1180 3442 Quae

77 3471 223 3553 lugubris
263 3471 451 3538 lamentatio
478 3489 671 3554 quamquam
702 3473 735 3536 in
762 3471 844 3540 falsa
877 3473 1014 3552 quadam
1035 3475 1180 3556 opinione

77 3581 185 3664 posito
212 3581 300 3660 esta,
324 3598 394 3645 curn
417 3581 533 3646 mortui
557 3579 661 3646 miseri
685 3598 746 3646 non
770 3581 841 3662 sint,
876 3586 980 3647 tamen
1016 3582 1178 3648 hominum

77 3691 193 3757 animis
228 3690 355 3756 insitum
390 3708 458 3756 esse
493 3696 634 3756 mortuos
672 3708 856 3772 permanere
888 3692 1104 3774 confirmati).
1138 3728 1174 3742 -

180 3869 201 3936 ¹)
221 3868 261 3922 uf.
280 3867 412 3922 Heinium
430 3869 458 3922 in
480 3868 602 3922 editione
621 3867 699 3922 Tusc.
720 3868 791 3938 disp.

180 3967 201 4032 2)
221 3963 300 4032 Quod
318 3965 417 4018 melius
436 3965 572 4034 expressit
592 3965 622 4018 in
640 3965 716 4021 Lael.
737 3965 752 4036 §
775 3968 814 4019 16.
857 3967 897 4020 uf.
917 3968 1002 4021 etiam
1024 3967 1103 4020 Brut.
1122 3966 1177 4037 §4.

178 4062 201 4131 ³)
220 4060 327 4131 Dignus
351 4065 393 4116 est
418 4062 466 4130 qui
489 4061 651 4116 conferatur
669 4062 761 4132 Epict.
781 4063 811 4117 in
829 4064 894 4117 diss.
914 4063 935 4132 1,
954 4065 1000 4117 22:
1039 4058 1179 4132 πρόληψις

74 4152 215 4226 προλήψει
225 4152 256 4210 οὗ
265 4150 381 4227 μάχεται
396 4197 402 4211 .
418 4198 424 4211 .
440 4199 445 4210 .
460 4152 521 4211 πότ’
540 4149 589 4212 οὖν
609 4153 712 4229 ἡμόχρ
730 4164 848 4229 γίνεται;
868 4163 931 4230 περὶ
948 4157 996 4226 τὴν
1009 4157 1176 4232 ἔφαρμογὴν

73 4256 130 4308 τῶν
148 4247 317 4324 προλήψεων
334 4260 392 4313 ταῖς
410 4255 457 4308 ἐπὶ
474 4259 574 4326 μέρους
592 4251 705 4316 οὐσίαις.
