2828 4868
631 235 672 298 23

98 415 262 496 quandam
295 421 444 482 naturam
473 417 651 482 animorum
680 434 751 483 csse
783 434 877 498 posse
908 418 1057 485 concedit.
1102 418 1200 486 cavet

97 525 194 602 enim,
219 525 353 607 nequid
377 530 498 592 certum
523 523 670 604 affirmet,
699 532 732 591 et
754 544 844 592 suam
867 527 1048 608 disputandi
1071 529 1203 595 liberta·
1313 543 1316 550 ’

101 637 170 706 tem
193 634 251 700 sibi
273 635 421 700 vindicat.

200 744 268 808 Iam
292 744 319 808 si
341 761 424 830 quae
445 744 640 826 praecedunt
661 745 791 826 propius
805 729 994 827 inspicimus,
1018 746 1200 813 Posidonia·

99 871 161 919 nae
190 852 367 919 sentcntiae
395 853 486 920 uobis
514 860 693 920 occurrunt.
750 853 832 918 Nam
865 854 896 918 in
919 853 936 935 ξι
957 855 998 919 62
1020 874 1088 936 sqq.
1117 855 1203 940 illud,

99 964 139 1028 de
173 979 235 1042 quo
259 967 334 1028 ante
368 963 490 1044 egimus
523 962 566 1044 (p.
590 960 643 1042 10)
675 962 882 1044 philosophos
906 962 1011 1043 luisse,
1046 963 1200 1044 aquibus

98 1071 209 1154 primis
230 1072 299 1137 vita
319 1072 481 1137 hominum
502 1071 661 1138 instructa
684 1072 735 1146 sit,
760 1072 945 1154 explicatur.

102 1241 104 1248 ,
161 1182 187 1266 I,
205 1183 245 1246 62
264 1181 317 1263 qui
338 1181 461 1263 primus
483 1231 510 1246 ..
526 1181 624 1246 omni·
760 1182 830 1262 v,5
848 1181 1123 1266 tn(philosophia)
1139 1183 1200 1250 dis

99 1291 157 1356 bus
191 1291 284 1356 rebus
314 1289 465 1371 imposuit
496 1289 624 1356 nomina
678 1291 796 1374 sipatos
812 1289 953 1358 homines
971 1292 1003 1356 in
1017 1293 1200 1359 societatem

99 1407 157 1465 aut
189 1401 244 1482 qui
279 1399 445 1481 dissipatos
481 1398 625 1465 homines
678 1399 763 1465 vitae
794 1400 980 1478 convocasti,
1016 1406 1053 1464 tu
1079 1417 1133 1466 eos
1162 1450 1200 1467 ..

100 1509 306 1592 congregavit
327 1511 360 1572 et
381 1506 422 1573 ad
439 1507 623 1574 societatem
675 1508 854 1575 litterarum
881 1515 914 1574 et
930 1526 1040 1574 vocum
1061 1527 1199 1576 commu-

100 1618 184 1684 vitae
198 1617 383 1684 convocavit
394 1623 451 1682 aut
461 1617 516 1699 qui
532 1634 624 1682 sonos
675 1617 767 1683 nione
788 1618 927 1684 iunxisti.

97 1728 205 1794 vocis.
221 1775 229 1792 .
245 1727 354 1810 paucis
368 1727 546 1792 litterarum
569 1741 623 1790 no·

98 1837 141 1902 tis
163 1836 355 1902 terminavit.
379 1833 417 1902 cf.
440 1835 482 1900 64
490 1834 523 1916 ¹).

198 1971 305 2051 Atque
327 1967 467 2036 omnium
490 1968 607 2036 artium
631 1971 738 2032 mater
761 1965 960 2049 philosophia
978 1975 1110 2035 vocatur
1131 1970 1200 2036 lau·

99 2080 255 2161 dibusque
276 2077 451 2145 efferuntur
485 2078 539 2159 qui
573 2081 660 2143 artes
680 2078 721 2143 ad
755 2077 856 2143 vitam
881 2095 1079 2144 communem
1102 2081 1200 2160 perti-

98 2195 212 2254 nentes
233 2189 420 2268 invenerint,
450 2206 530 2269 quas
552 2206 572 2252 a
592 2187 789 2269 sapientibus
812 2189 958 2284 inventas
979 2205 1050 2254 esse
1070 2188 1200 2256 Posido-

98 2300 187 2365 nium
207 2299 350 2365 docuisse
371 2317 392 2363 a
415 2297 533 2365 Seneca
556 2301 618 2380 (ep.
641 2299 695 2377 90)
718 2299 877 2366 discimus.

182 2426 207 2504 Ι,
232 2425 329 2490 62..
359 2443 468 2492 omnes
497 2425 621 2506 magni3
757 2423 830 2490 Seu.
855 2424 906 2502 90,
937 2425 955 2488 7
977 2423 1032 2488 illa
1061 2423 1200 2506 (philos.)

98 2533 195 2599 ctiam
218 2534 395 2616 superiores
423 2535 476 2618 qui
503 2535 622 2617 fruges,
675 2581 682 2596 .
707 2578 714 2593 .
738 2583 745 2596 .
768 2531 876 2598 docuit
899 2537 979 2596 tecta
1001 2531 1105 2598 moliri
1129 2582 1137 2600 .
1160 2585 1198 2601 ..

98 2643 151 2724 qui
181 2643 335 2723 uestitum,
366 2645 420 2724 qui
449 2649 529 2710 tecta
552 2693 559 2707 .
585 2691 623 2706 ..
675 2641 716 2705 20
740 2640 872 2705 teetriui
900 2657 1026 2721 quoque
1053 2646 1156 2708 artem
1178 2663 1199 2709 a

99 2752 297 2818 invenerunt.
675 2747 871 2830 sapientibus
892 2749 973 2814 dixit
993 2750 1197 2816 iuventam..

673 2905 712 2922 ..
737 2859 806 2924 ,21
830 2857 947 2923 transit
975 2857 1016 2923 ad
1034 2859 1198 2941 'agricolas

674 3016 681 3032 .
704 3015 712 3030 .
735 2965 794 3031 hoc
816 2983 941 3048 quoque
963 2983 1040 3050 opus
1062 2967 1108 3032 ait
1129 2985 1199 3034 esse

674 3075 874 3158 sapientium.

177 3199 347 3266 ·Fortasse
378 3219 418 3265 ne
452 3198 510 3265 hoc
532 3201 659 3280 quidem
681 3202 909 3267 transeundum
932 3204 990 3285 cst,
1021 3201 1197 3282 quodcum

97 3308 201 3390 poesis
233 3314 266 3374 et
292 3309 472 3390 eloquentia
495 3309 556 3374 vim
589 3308 727 3375 divinam
756 3311 933 3375 animorum
961 3311 1124 3376 declarare
1153 3311 1198 3375 di·

97 3423 213 3484 cantur
235 3417 267 3501 (ξι
283 3417 356 3499 63),
369 3420 453 3485 idem
474 3418 593 3500 legitur
615 3420 654 3484 de
677 3418 739 3484 div.
760 3419 786 3501 I,
810 3420 865 3484 80:
888 3411 1004 3500 ‘atque
1024 3419 1120 3484 etiam
1142 3419 1198 3486 illa

97 3525 265 3592 concitatio
298 3525 438 3590 declarat
466 3527 527 3591 vim
551 3526 582 3590 in
604 3526 716 3592 animis
738 3543 807 3593 esse
827 3526 976 3591 divinam.
995 3530 1092 3607 negat
1113 3528 1195 3592 enim

97 3637 165 3703 sine
197 3635 305 3701 lurore
330 3636 528 3701 Democritus
555 3653 747 3719 quemquam
763 3622 765 3626 ’
782 3640 907 3717 poetam
944 3653 1095 3718 magnum
1128 3653 1197 3701 esse

96 3763 238 3828 posse..
260 3745 334 3827 quid
357 3750 462 3810 vestra
480 3734 611 3811 oratiol'

197 3851 309 3934 Neque
329 3871 403 3919 vero
425 3854 509 3920 hunc
531 3854 633 3921 locum
649 3856 874 3936 transmittam,
891 3856 1076 3938 priusquam
1098 3872 1196 3920 unum

95 4032 296 4042 ......-..--

201 4145 220 4215 ¹)
241 4145 349 4202 Eodem
368 4149 428 4204 loco
449 4167 514 4204 urus
535 4153 597 4204 erat
615 4149 644 4203 in
663 4166 738 4219 rep.
757 4149 797 4202 111
816 4149 831 4221 ξ
850 4153 874 4205 3,
