<?xml version="1.0" encoding="UTF-8"?>
<!DOCTYPE html PUBLIC "-//W3C//DTD XHTML 1.0 Transitional//EN"
    "http://www.w3.org/TR/xhtml1/DTD/xhtml1-transitional.dtd">
<html xmlns="http://www.w3.org/1999/xhtml" xml:lang="en" lang="en">
 <head>
  <title>
</title>
<meta http-equiv="Content-Type" content="text/html;charset=utf-8" />
  <meta name='ocr-system' content='tesseract 3.04.00' />
  <meta name='ocr-capabilities' content='ocr_page ocr_carea ocr_par ocr_line ocrx_word'/>
</head>
<body>
  <div class='ocr_page' id='page_1' title='image "./deposidoniorhod00corsgoog_0011.png"; bbox 0 0 2828 4868; ppageno 0'>
   <div class='ocr_carea' id='block_1_1' title="bbox 788 267 809 332">
    <p class='ocr_par' dir='ltr' id='par_1_1' title="bbox 788 267 809 332">
     <span class='ocr_line' id='line_1_1' title="bbox 788 267 809 332; baseline 0 0"><span class='ocrx_word' id='word_1_1' title='bbox 788 267 809 332; x_wconf 83' lang='lat'>4</span> 
     </span>
    </p>
   </div>
   <div class='ocr_carea' id='block_1_2' title="bbox 236 447 1410 3916">
    <p class='ocr_par' dir='ltr' id='par_1_2' title="bbox 242 447 1341 757">
     <span class='ocr_line' id='line_1_2' title="bbox 243 447 1341 531; baseline 0.005 -18"><span class='ocrx_word' id='word_1_2' title='bbox 243 467 314 513; x_wconf 92' lang='lat' dir='ltr'><strong>cum</strong></span> <span class='ocrx_word' id='word_1_3' title='bbox 336 447 375 513; x_wconf 91' lang='lat' dir='ltr'><strong>da</strong></span> <span class='ocrx_word' id='word_1_4' title='bbox 396 447 433 514; x_wconf 93' lang='lat' dir='ltr'><strong>iis</strong></span> <span class='ocrx_word' id='word_1_5' title='bbox 455 453 580 531; x_wconf 84' lang='lat' dir='ltr'><strong>agatur,</strong></span> <span class='ocrx_word' id='word_1_6' title='bbox 603 447 656 529; x_wconf 90' lang='lat' dir='ltr'><strong>qui</strong></span> <span class='ocrx_word' id='word_1_7' title='bbox 677 448 819 514; x_wconf 82' lang='lat' dir='ltr'><strong>Platonis</strong></span> <span class='ocrx_word' id='word_1_8' title='bbox 841 449 879 516; x_wconf 94' lang='lat' dir='ltr'><strong>de</strong></span> <span class='ocrx_word' id='word_1_9' title='bbox 903 450 1143 518; x_wconf 90' lang='lat' dir='ltr'><strong>immortalitate</strong></span> <span class='ocrx_word' id='word_1_10' title='bbox 1164 452 1341 520; x_wconf 91' lang='lat' dir='ltr'><strong>animorum</strong></span> 
     </span>
     <span class='ocr_line' id='line_1_3' title="bbox 242 556 1340 643; baseline 0.005 -21"><span class='ocrx_word' id='word_1_11' title='bbox 242 557 430 622; x_wconf 91' lang='lat' dir='ltr'><strong>sententiam</strong></span> <span class='ocrx_word' id='word_1_12' title='bbox 463 557 658 640; x_wconf 81' lang='lat' dir='ltr'>impugnent,</span> <span class='ocrx_word' id='word_1_13' title='bbox 692 556 877 625; x_wconf 84' lang='lat' dir='ltr'><strong>adulescens</strong></span> <span class='ocrx_word' id='word_1_14' title='bbox 910 565 1018 625; x_wconf 89' lang='lat' dir='ltr'><strong>autem</strong></span> <span class='ocrx_word' id='word_1_15' title='bbox 1051 580 1103 627; x_wconf 91' lang='lat' dir='ltr'><strong>eos</strong></span> <span class='ocrx_word' id='word_1_16' title='bbox 1125 560 1252 642; x_wconf 83' lang='lat' dir='ltr'><strong>Stoicos,</strong></span> <span class='ocrx_word' id='word_1_17' title='bbox 1287 564 1340 643; x_wconf 88' lang='lat' dir='ltr'><strong>qui</strong></span> 
     </span>
     <span class='ocr_line' id='line_1_4' title="bbox 242 667 1341 757; baseline 0.005 -26"><span class='ocrx_word' id='word_1_18' title='bbox 242 684 367 748; x_wconf 83' lang='lat' dir='ltr'><strong>semper</strong></span> <span class='ocrx_word' id='word_1_19' title='bbox 386 685 440 732; x_wconf 91' lang='lat' dir='ltr'><strong>eos</strong></span> <span class='ocrx_word' id='word_1_20' title='bbox 462 685 591 733; x_wconf 91' lang='lat' dir='ltr'><strong>manere</strong></span> <span class='ocrx_word' id='word_1_21' title='bbox 613 671 738 749; x_wconf 89' lang='lat' dir='ltr'><strong>negent,</strong></span> <span class='ocrx_word' id='word_1_22' title='bbox 761 667 965 735; x_wconf 90' lang='lat' dir='ltr'><strong>dimittendos</strong></span> <span class='ocrx_word' id='word_1_23' title='bbox 984 689 1052 736; x_wconf 90' lang='lat' dir='ltr'><strong>esse</strong></span> <span class='ocrx_word' id='word_1_24' title='bbox 1073 677 1207 754; x_wconf 89' lang='lat' dir='ltr'><strong>censeat,</strong></span> <span class='ocrx_word' id='word_1_25' title='bbox 1229 678 1341 757; x_wconf 87' lang='lat' dir='ltr'><strong>restat,</strong></span> 
     </span>
    </p>

    <p class='ocr_par' dir='ltr' id='par_1_3' title="bbox 239 774 1410 1403">
     <span class='ocr_line' id='line_1_5' title="bbox 242 774 1341 861; baseline 0.008 -23"><span class='ocrx_word' id='word_1_26' title='bbox 242 778 280 838; x_wconf 92' lang='lat' dir='ltr'><strong>ut</strong></span> <span class='ocrx_word' id='word_1_27' title='bbox 302 774 341 840; x_wconf 93' lang='lat' dir='ltr'><strong>de</strong></span> <span class='ocrx_word' id='word_1_28' title='bbox 364 775 401 840; x_wconf 93' lang='lat' dir='ltr'><strong>iis</strong></span> <span class='ocrx_word' id='word_1_29' title='bbox 417 775 606 861; x_wconf 85' lang='lat' dir='ltr'><strong>disputetur,</strong></span> <span class='ocrx_word' id='word_1_30' title='bbox 630 778 683 857; x_wconf 89' lang='lat' dir='ltr'><strong>qui</strong></span> <span class='ocrx_word' id='word_1_31' title='bbox 704 776 826 844; x_wconf 90' lang='lat' dir='ltr'><strong>animos</strong></span> <span class='ocrx_word' id='word_1_32' title='bbox 847 783 1069 861; x_wconf 89' lang='lat' dir='ltr'><strong>postmortem</strong></span> <span class='ocrx_word' id='word_1_33' title='bbox 1087 781 1195 845; x_wconf 90' lang='lat' dir='ltr'><strong>statim</strong></span> <span class='ocrx_word' id='word_1_34' title='bbox 1210 781 1341 847; x_wconf 90' lang='lat' dir='ltr'><strong>interire</strong></span> 
     </span>
     <span class='ocr_line' id='line_1_6' title="bbox 240 882 1410 968; baseline 0.006 -20"><span class='ocrx_word' id='word_1_35' title='bbox 240 883 389 950; x_wconf 89' lang='lat' dir='ltr'><strong>iudicent.</strong></span> <span class='ocrx_word' id='word_1_36' title='bbox 420 882 577 950; x_wconf 85' lang='lat' dir='ltr'><strong>Ciceronis</strong></span> <span class='ocrx_word' id='word_1_37' title='bbox 597 883 695 966; x_wconf 90' lang='lat' dir='ltr'><strong>igitur</strong></span> <span class='ocrx_word' id='word_1_38' title='bbox 709 885 916 965; x_wconf 86' lang='lat' dir='ltr'><strong>interrogatio</strong></span> <span class='ocrx_word' id='word_1_39' title='bbox 939 886 983 952; x_wconf 90' lang='lat' dir='ltr'><strong>sic</strong></span> <span class='ocrx_word' id='word_1_40' title='bbox 1000 887 1117 968; x_wconf 85' lang='lat' dir='ltr'><strong>excipit</strong></span> <span class='ocrx_word' id='word_1_41' title='bbox 1132 888 1340 954; x_wconf 75' lang='lat' dir='ltr'><strong>adulescentis</strong></span> <span class='ocrx_word' id='word_1_42' title='bbox 1409 941 1410 944; x_wconf 63' lang='lat'>,</span> 
     </span>
     <span class='ocr_line' id='line_1_7' title="bbox 239 993 1340 1075; baseline 0.006 -18"><span class='ocrx_word' id='word_1_43' title='bbox 239 1011 440 1074; x_wconf 84' lang='lat' dir='ltr'><strong>responsum,</strong></span> <span class='ocrx_word' id='word_1_44' title='bbox 475 999 511 1057; x_wconf 92' lang='lat' dir='ltr'><strong>ut</strong></span> <span class='ocrx_word' id='word_1_45' title='bbox 547 993 737 1075; x_wconf 84' lang='lat' dir='ltr'><strong>particulam</strong></span> <span class='ocrx_word' id='word_1_46' title='bbox 769 995 999 1060; x_wconf 86' lang='lat' dir='ltr'><strong>consecutivam</strong></span> <span class='ocrx_word' id='word_1_47' title='bbox 1031 996 1180 1063; x_wconf 90' lang='lat' dir='ltr'><strong>adhibere</strong></span> <span class='ocrx_word' id='word_1_48' title='bbox 1212 1015 1340 1065; x_wconf 90' lang='lat' dir='ltr'><strong>necesse</strong></span> 
     </span>
     <span class='ocr_line' id='line_1_8' title="bbox 241 1101 1339 1185; baseline 0.005 -19"><span class='ocrx_word' id='word_1_49' title='bbox 241 1102 345 1167; x_wconf 86' lang='lat' dir='ltr'><strong>luerit.</strong></span> <span class='ocrx_word' id='word_1_50' title='bbox 381 1101 574 1168; x_wconf 87' lang='lat' dir='ltr'><strong>Laudandus</strong></span> <span class='ocrx_word' id='word_1_51' title='bbox 597 1103 693 1183; x_wconf 87' lang='lat' dir='ltr'><strong>igitur</strong></span> <span class='ocrx_word' id='word_1_52' title='bbox 715 1104 854 1169; x_wconf 90' lang='lat' dir='ltr'><strong>Zellerus</strong></span> <span class='ocrx_word' id='word_1_53' title='bbox 876 1109 935 1185; x_wconf 89' lang='lat' dir='ltr'><strong>est,</strong></span> <span class='ocrx_word' id='word_1_54' title='bbox 960 1106 1014 1185; x_wconf 89' lang='lat' dir='ltr'><strong>qui</strong></span> <span class='ocrx_word' id='word_1_55' title='bbox 1037 1125 1129 1172; x_wconf 88' lang='lat' dir='ltr'><strong>suam</strong></span> <span class='ocrx_word' id='word_1_56' title='bbox 1149 1109 1339 1173; x_wconf 87' lang='lat' dir='ltr'><strong>sententiam</strong></span> 
     </span>
     <span class='ocr_line' id='line_1_9' title="bbox 240 1187 1339 1296; baseline 0.001 -18"><span class='ocrx_word' id='word_1_57' title='bbox 240 1187 351 1278; x_wconf 73' lang='lat' dir='ltr'><strong>contra</strong></span> <span class='ocrx_word' id='word_1_58' title='bbox 382 1211 538 1278; x_wconf 68' lang='lat' dir='ltr'><strong>Heinium,</strong></span> <span class='ocrx_word' id='word_1_59' title='bbox 562 1210 593 1275; x_wconf 92' lang='lat' dir='ltr'><strong>in</strong></span> <span class='ocrx_word' id='word_1_60' title='bbox 621 1211 723 1275; x_wconf 91' lang='lat' dir='ltr'><strong>altera</strong></span> <span class='ocrx_word' id='word_1_61' title='bbox 743 1211 879 1276; x_wconf 91' lang='lat' dir='ltr'><strong>editione</strong></span> <span class='ocrx_word' id='word_1_62' title='bbox 909 1211 981 1278; x_wconf 87' lang='lat' dir='ltr'><strong>libri</strong></span> <span class='ocrx_word' id='word_1_63' title='bbox 1013 1213 1062 1279; x_wconf 91' lang='lat' dir='ltr'><strong>sui</strong></span> <span class='ocrx_word' id='word_1_64' title='bbox 1083 1212 1222 1279; x_wconf 80' lang='lat' dir='ltr'><strong>defendit</strong></span> <span class='ocrx_word' id='word_1_65' title='bbox 1242 1219 1284 1294; x_wconf 85' lang='lat' dir='ltr'><strong>(v.</strong></span> <span class='ocrx_word' id='word_1_66' title='bbox 1308 1234 1339 1296; x_wconf 91' lang='lat' dir='ltr'><strong>p.</strong></span> 
     </span>
     <span class='ocr_line' id='line_1_10' title="bbox 240 1317 1180 1403; baseline -0.004 -18"><span class='ocrx_word' id='word_1_67' title='bbox 240 1321 311 1401; x_wconf 84' lang='lat'>503,</span> <span class='ocrx_word' id='word_1_68' title='bbox 335 1322 354 1386; x_wconf 84' lang='lat'>5</span> <span class='ocrx_word' id='word_1_69' title='bbox 377 1321 446 1403; x_wconf 71' lang='lat' dir='ltr'><strong>sup).</strong></span> <span class='ocrx_word' id='word_1_70' title='bbox 1179 1317 1180 1320; x_wconf 73' lang='grc'>’</span> 
     </span>
    </p>

    <p class='ocr_par' dir='ltr' id='par_1_4' title="bbox 240 1415 1340 1714">
     <span class='ocr_line' id='line_1_11' title="bbox 341 1415 1338 1514; baseline 0.005 -19"><span class='ocrx_word' id='word_1_71' title='bbox 341 1428 462 1496; x_wconf 87' lang='lat' dir='ltr'><strong>Sufficit</strong></span> <span class='ocrx_word' id='word_1_72' title='bbox 490 1430 588 1511; x_wconf 90' lang='lat' dir='ltr'><strong>igitur</strong></span> <span class='ocrx_word' id='word_1_73' title='bbox 611 1427 661 1497; x_wconf 90' lang='lat' dir='ltr'><strong>hic</strong></span> <span class='ocrx_word' id='word_1_74' title='bbox 693 1429 779 1496; x_wconf 91' lang='lat' dir='ltr'><strong>locus</strong></span> <span class='ocrx_word' id='word_1_75' title='bbox 815 1415 901 1497; x_wconf 88' lang='lat' dir='ltr'><strong>recte</strong></span> <span class='ocrx_word' id='word_1_76' title='bbox 922 1431 1120 1514; x_wconf 83' lang='lat' dir='ltr'><strong>explanatus,</strong></span> <span class='ocrx_word' id='word_1_77' title='bbox 1154 1437 1190 1498; x_wconf 93' lang='lat' dir='ltr'><strong>ut</strong></span> <span class='ocrx_word' id='word_1_78' title='bbox 1215 1433 1338 1500; x_wconf 89' lang='lat' dir='ltr'><strong>animos</strong></span> 
     </span>
     <span class='ocr_line' id='line_1_12' title="bbox 240 1539 1340 1626; baseline 0.005 -22"><span class='ocrx_word' id='word_1_79' title='bbox 240 1543 312 1621; x_wconf 92' lang='lat' dir='ltr'><strong>post</strong></span> <span class='ocrx_word' id='word_1_80' title='bbox 339 1545 474 1604; x_wconf 86' lang='lat' dir='ltr'><strong>mortem</strong></span> <span class='ocrx_word' id='word_1_81' title='bbox 497 1557 661 1604; x_wconf 89' lang='lat' dir='ltr'><strong>remanere</strong></span> <span class='ocrx_word' id='word_1_82' title='bbox 690 1559 709 1604; x_wconf 91' lang='lat' dir='ltr'><strong>a</strong></span> <span class='ocrx_word' id='word_1_83' title='bbox 733 1539 884 1606; x_wconf 87' lang='lat' dir='ltr'><strong>Panaetio</strong></span> <span class='ocrx_word' id='word_1_84' title='bbox 908 1546 1058 1623; x_wconf 89' lang='lat' dir='ltr'><strong>negatum</strong></span> <span class='ocrx_word' id='word_1_85' title='bbox 1080 1559 1149 1608; x_wconf 89' lang='lat' dir='ltr'><strong>csse</strong></span> <span class='ocrx_word' id='word_1_86' title='bbox 1171 1542 1340 1626; x_wconf 88' lang='lat' dir='ltr'><strong>intellega-</strong></span> 
     </span>
     <span class='ocr_line' id='line_1_13' title="bbox 240 1647 602 1714; baseline -0.006 0"><span class='ocrx_word' id='word_1_87' title='bbox 240 1653 302 1714; x_wconf 90' lang='lat' dir='ltr'><strong>tur.</strong></span> <span class='ocrx_word' id='word_1_88' title='bbox 346 1647 509 1714; x_wconf 84' lang='lat' dir='ltr'><strong>Accedunt</strong></span> <span class='ocrx_word' id='word_1_89' title='bbox 530 1648 602 1712; x_wconf 91' lang='lat' dir='ltr'><strong>alia.</strong></span> 
     </span>
    </p>

    <p class='ocr_par' dir='ltr' id='par_1_5' title="bbox 239 1747 1340 2060">
     <span class='ocr_line' id='line_1_14' title="bbox 342 1747 1339 1840; baseline 0.005 -18"><span class='ocrx_word' id='word_1_90' title='bbox 342 1757 493 1823; x_wconf 85' lang='lat' dir='ltr'><strong>Traditur</strong></span> <span class='ocrx_word' id='word_1_91' title='bbox 516 1757 598 1822; x_wconf 90' lang='lat' dir='ltr'><strong>enim</strong></span> <span class='ocrx_word' id='word_1_92' title='bbox 627 1758 668 1823; x_wconf 89' lang='lat' dir='ltr'><strong>ab</strong></span> <span class='ocrx_word' id='word_1_93' title='bbox 701 1747 927 1840; x_wconf 75' lang='lat' dir='ltr'><strong>interpretibus</strong></span> <span class='ocrx_word' id='word_1_94' title='bbox 948 1760 1136 1840; x_wconf 90' lang='lat' dir='ltr'><strong>quibusdam</strong></span> <span class='ocrx_word' id='word_1_95' title='bbox 1159 1762 1339 1828; x_wconf 83' lang='lat' dir='ltr'><strong>Aristotelis</strong></span> 
     </span>
     <span class='ocr_line' id='line_1_15' title="bbox 246 1868 1340 1953; baseline 0.006 -22"><span class='ocrx_word' id='word_1_96' title='bbox 246 1868 435 1932; x_wconf 84' lang='lat' dir='ltr'><strong>Panaetium</strong></span> <span class='ocrx_word' id='word_1_97' title='bbox 457 1868 613 1948; x_wconf 88' lang='lat' dir='ltr'><strong>quendam</strong></span> <span class='ocrx_word' id='word_1_98' title='bbox 641 1869 694 1948; x_wconf 89' lang='lat' dir='ltr'><strong>qui</strong></span> <span class='ocrx_word' id='word_1_99' title='bbox 718 1869 856 1932; x_wconf 88' lang='lat' dir='ltr'><strong>animum</strong></span> <span class='ocrx_word' id='word_1_100' title='bbox 879 1870 1091 1935; x_wconf 84' lang='lat' dir='ltr'><strong>immortalem</strong></span> <span class='ocrx_word' id='word_1_101' title='bbox 1116 1889 1186 1937; x_wconf 88' lang='lat' dir='ltr'><strong>csse</strong></span> <span class='ocrx_word' id='word_1_102' title='bbox 1208 1879 1340 1953; x_wconf 84' lang='lat' dir='ltr'><strong>negaret</strong></span> 
     </span>
     <span class='ocr_line' id='line_1_16' title="bbox 239 1975 1338 2060; baseline 0.006 -20"><span class='ocrx_word' id='word_1_103' title='bbox 239 1975 381 2041; x_wconf 88' lang='lat' dir='ltr'><strong>Platonis</strong></span> <span class='ocrx_word' id='word_1_104' title='bbox 404 1975 603 2042; x_wconf 89' lang='lat' dir='ltr'><strong>Phaedonem</strong></span> <span class='ocrx_word' id='word_1_105' title='bbox 634 1977 775 2058; x_wconf 89' lang='lat' dir='ltr'><strong>spurium</strong></span> <span class='ocrx_word' id='word_1_106' title='bbox 799 1976 953 2044; x_wconf 91' lang='lat' dir='ltr'><strong>iudicasse</strong></span> <span class='ocrx_word' id='word_1_107' title='bbox 986 1978 1038 2060; x_wconf 86' lang='lat' dir='ltr'><strong>(cl.</strong></span> <span class='ocrx_word' id='word_1_108' title='bbox 1061 1977 1159 2044; x_wconf 90' lang='lat' dir='ltr'><strong>schol.</strong></span> <span class='ocrx_word' id='word_1_109' title='bbox 1187 1979 1218 2043; x_wconf 93' lang='lat' dir='ltr'><strong>in</strong></span> <span class='ocrx_word' id='word_1_110' title='bbox 1241 1981 1338 2047; x_wconf 85' lang='lat' dir='ltr'><strong>Arist.</strong></span> 
     </span>
    </p>

    <p class='ocr_par' dir='ltr' id='par_1_6' title="bbox 236 2083 1410 3154">
     <span class='ocr_line' id='line_1_17' title="bbox 239 2083 1338 2172; baseline 0.003 -21"><span class='ocrx_word' id='word_1_111' title='bbox 239 2102 269 2165; x_wconf 90' lang='lat' dir='ltr'><strong>p.</strong></span> <span class='ocrx_word' id='word_1_112' title='bbox 286 2083 343 2152; x_wconf 77' lang='lat'><strong>30¹³</strong></span> <span class='ocrx_word' id='word_1_113' title='bbox 367 2086 394 2164; x_wconf 84' lang='lat'><strong>8,</strong></span> <span class='ocrx_word' id='word_1_114' title='bbox 411 2087 488 2150; x_wconf 72' lang='lat'>576⁸</span> <span class='ocrx_word' id='word_1_115' title='bbox 512 2087 565 2168; x_wconf 82' lang='lat'><strong>35)</strong></span> <span class='ocrx_word' id='word_1_116' title='bbox 575 2089 610 2167; x_wconf 88' lang='lat'><strong>¹),</strong></span> <span class='ocrx_word' id='word_1_117' title='bbox 633 2088 716 2166; x_wconf 88' lang='lat' dir='ltr'><strong>quod</strong></span> <span class='ocrx_word' id='word_1_118' title='bbox 737 2087 856 2151; x_wconf 92' lang='lat' dir='ltr'><strong>anthol.</strong></span> <span class='ocrx_word' id='word_1_119' title='bbox 872 2088 940 2152; x_wconf 88' lang='lat' dir='ltr'><strong>Pal.</strong></span> <span class='ocrx_word' id='word_1_120' title='bbox 956 2087 1009 2166; x_wconf 91' lang='lat' dir='ltr'><strong>lll,</strong></span> <span class='ocrx_word' id='word_1_121' title='bbox 1033 2090 1094 2154; x_wconf 88' lang='lat'><strong>358</strong></span> <span class='ocrx_word' id='word_1_122' title='bbox 1106 2089 1338 2172; x_wconf 91' lang='lat' dir='ltr'><strong>epigrammate</strong></span> 
     </span>
     <span class='ocr_line' id='line_1_18' title="bbox 239 2191 1336 2280; baseline 0.007 -24"><span class='ocrx_word' id='word_1_123' title='bbox 239 2193 376 2275; x_wconf 88' lang='lat' dir='ltr'><strong>quodam</strong></span> <span class='ocrx_word' id='word_1_124' title='bbox 409 2191 623 2276; x_wconf 88' lang='lat' dir='ltr'><strong>confirmatur,</strong></span> <span class='ocrx_word' id='word_1_125' title='bbox 658 2193 746 2257; x_wconf 91' lang='lat' dir='ltr'><strong>cuius</strong></span> <span class='ocrx_word' id='word_1_126' title='bbox 782 2199 942 2258; x_wconf 89' lang='lat' dir='ltr'><strong>auctorem</strong></span> <span class='ocrx_word' id='word_1_127' title='bbox 974 2194 1127 2260; x_wconf 87' lang='lat' dir='ltr'><strong>Davidius</strong></span> <span class='ocrx_word' id='word_1_128' title='bbox 1159 2197 1269 2280; x_wconf 90' lang='lat' dir='ltr'><strong>(schol.</strong></span> <span class='ocrx_word' id='word_1_129' title='bbox 1304 2200 1336 2264; x_wconf 95' lang='lat' dir='ltr'><strong>in</strong></span> 
     </span>
     <span class='ocr_line' id='line_1_19' title="bbox 239 2297 1335 2384; baseline 0.005 -18"><span class='ocrx_word' id='word_1_130' title='bbox 239 2304 294 2367; x_wconf 85' lang='lat' dir='ltr'><strong>Ar.</strong></span> <span class='ocrx_word' id='word_1_131' title='bbox 316 2321 345 2383; x_wconf 91' lang='lat' dir='ltr'><strong>p.</strong></span> <span class='ocrx_word' id='word_1_132' title='bbox 361 2297 420 2368; x_wconf 76' lang='lat'><strong>30¹³</strong></span> <span class='ocrx_word' id='word_1_133' title='bbox 437 2301 469 2384; x_wconf 85' lang='grc'><strong>8)</strong></span> <span class='ocrx_word' id='word_1_134' title='bbox 491 2301 659 2384; x_wconf 83' lang='lat' dir='ltr'><strong>Syrianum</strong></span> <span class='ocrx_word' id='word_1_135' title='bbox 683 2301 783 2368; x_wconf 84' lang='lat' dir='ltr'><strong>affert.</strong></span> <span class='ocrx_word' id='word_1_136' title='bbox 820 2301 889 2369; x_wconf 91' lang='lat' dir='ltr'><strong>Non</strong></span> <span class='ocrx_word' id='word_1_137' title='bbox 917 2307 967 2369; x_wconf 91' lang='lat' dir='ltr'><strong>est</strong></span> <span class='ocrx_word' id='word_1_138' title='bbox 989 2309 1097 2370; x_wconf 88' lang='lat' dir='ltr'><strong>autem</strong></span> <span class='ocrx_word' id='word_1_139' title='bbox 1119 2307 1180 2373; x_wconf 93' lang='lat' dir='ltr'><strong>nisi</strong></span> <span class='ocrx_word' id='word_1_140' title='bbox 1202 2307 1335 2373; x_wconf 90' lang='lat' dir='ltr'><strong>clarissi-</strong></span> 
     </span>
     <span class='ocr_line' id='line_1_20' title="bbox 238 2405 1410 2497; baseline 0.006 -22"><span class='ocrx_word' id='word_1_141' title='bbox 238 2430 309 2478; x_wconf 89' lang='lat' dir='ltr'><strong>mus</strong></span> <span class='ocrx_word' id='word_1_142' title='bbox 330 2412 383 2476; x_wconf 91' lang='lat' dir='ltr'><strong>ille</strong></span> <span class='ocrx_word' id='word_1_143' title='bbox 406 2411 538 2492; x_wconf 86' lang='lat' dir='ltr'><strong>Stoicus,</strong></span> <span class='ocrx_word' id='word_1_144' title='bbox 574 2413 730 2493; x_wconf 83' lang='lat' dir='ltr'><strong>adquam</strong></span> <span class='ocrx_word' id='word_1_145' title='bbox 766 2413 844 2480; x_wconf 90' lang='lat' dir='ltr'><strong>haec</strong></span> <span class='ocrx_word' id='word_1_146' title='bbox 876 2412 1065 2496; x_wconf 80' lang='lat' dir='ltr'><strong>referantur,</strong></span> <span class='ocrx_word' id='word_1_147' title='bbox 1100 2433 1156 2481; x_wconf 92' lang='lat' dir='ltr'><strong>nec</strong></span> <span class='ocrx_word' id='word_1_148' title='bbox 1192 2415 1231 2482; x_wconf 93' lang='lat' dir='ltr'><strong>iis</strong></span> <span class='ocrx_word' id='word_1_149' title='bbox 1253 2434 1335 2497; x_wconf 92' lang='lat' dir='ltr'><strong>quae</strong></span> <span class='ocrx_word' id='word_1_150' title='bbox 1409 2405 1410 2408; x_wconf 28' lang='lat'>¹</span> 
     </span>
     <span class='ocr_line' id='line_1_21' title="bbox 237 2519 1335 2609; baseline 0.007 -26"><span class='ocrx_word' id='word_1_151' title='bbox 237 2519 379 2586; x_wconf 91' lang='lat' dir='ltr'><strong>Zellerus</strong></span> <span class='ocrx_word' id='word_1_152' title='bbox 411 2521 527 2603; x_wconf 89' lang='lat' dir='ltr'><strong>aliique</strong></span> <span class='ocrx_word' id='word_1_153' title='bbox 554 2521 755 2604; x_wconf 81' lang='lat' dir='ltr'><strong>protulerint,</strong></span> <span class='ocrx_word' id='word_1_154' title='bbox 789 2530 877 2589; x_wconf 90' lang='lat' dir='ltr'><strong>certa</strong></span> <span class='ocrx_word' id='word_1_155' title='bbox 908 2522 964 2588; x_wconf 92' lang='lat' dir='ltr'><strong>illa</strong></span> <span class='ocrx_word' id='word_1_156' title='bbox 991 2525 1174 2590; x_wconf 87' lang='lat' dir='ltr'><strong>testimonia</strong></span> <span class='ocrx_word' id='word_1_157' title='bbox 1206 2523 1335 2609; x_wconf 87' lang='lat' dir='ltr'><strong>infringi</strong></span> 
     </span>
     <span class='ocr_line' id='line_1_22' title="bbox 238 2630 1336 2709; baseline 0.005 -15"><span class='ocrx_word' id='word_1_158' title='bbox 238 2630 375 2695; x_wconf 90' lang='lat' dir='ltr'><strong>Hirzelio</strong></span> <span class='ocrx_word' id='word_1_159' title='bbox 400 2631 628 2696; x_wconf 92' lang='lat' dir='ltr'><strong>concedendum</strong></span> <span class='ocrx_word' id='word_1_160' title='bbox 662 2635 722 2698; x_wconf 92' lang='lat' dir='ltr'><strong>est.</strong></span> <span class='ocrx_word' id='word_1_161' title='bbox 774 2630 893 2709; x_wconf 83' lang='lat' dir='ltr'><strong>Quibus</strong></span> <span class='ocrx_word' id='word_1_162' title='bbox 926 2639 1033 2698; x_wconf 88' lang='lat' dir='ltr'><strong>tamen</strong></span> <span class='ocrx_word' id='word_1_163' title='bbox 1056 2634 1241 2699; x_wconf 90' lang='lat' dir='ltr'><strong>contradicit</strong></span> <span class='ocrx_word' id='word_1_164' title='bbox 1268 2635 1336 2700; x_wconf 92' lang='lat' dir='ltr'><strong>sine</strong></span> 
     </span>
     <span class='ocr_line' id='line_1_23' title="bbox 237 2738 1334 2823; baseline 0.006 -19"><span class='ocrx_word' id='word_1_165' title='bbox 237 2739 332 2804; x_wconf 91' lang='lat' dir='ltr'><strong>dubio</strong></span> <span class='ocrx_word' id='word_1_166' title='bbox 348 2738 420 2820; x_wconf 79' lang='lat' dir='ltr'><strong>Cic,</strong></span> <span class='ocrx_word' id='word_1_167' title='bbox 443 2741 589 2823; x_wconf 89' lang='lat' dir='ltr'><strong>quicum</strong></span> <span class='ocrx_word' id='word_1_168' title='bbox 612 2742 802 2807; x_wconf 86' lang='lat' dir='ltr'><strong>Panaetium</strong></span> <span class='ocrx_word' id='word_1_169' title='bbox 825 2743 855 2807; x_wconf 91' lang='lat' dir='ltr'><strong>in</strong></span> <span class='ocrx_word' id='word_1_170' title='bbox 877 2743 938 2810; x_wconf 88' lang='lat' dir='ltr'><strong>hac</strong></span> <span class='ocrx_word' id='word_1_171' title='bbox 959 2762 994 2808; x_wconf 89' lang='lat' dir='ltr'><strong>re</strong></span> <span class='ocrx_word' id='word_1_172' title='bbox 1015 2763 1034 2808; x_wconf 89' lang='lat' dir='ltr'><strong>a</strong></span> <span class='ocrx_word' id='word_1_173' title='bbox 1057 2743 1191 2809; x_wconf 88' lang='lat' dir='ltr'><strong>Platone</strong></span> <span class='ocrx_word' id='word_1_174' title='bbox 1214 2745 1334 2810; x_wconf 70' lang='lat' dir='ltr'><strong>dasen-</strong></span> 
     </span>
     <span class='ocr_line' id='line_1_24' title="bbox 237 2849 1410 2934; baseline 0.002 -20"><span class='ocrx_word' id='word_1_175' title='bbox 237 2851 297 2914; x_wconf 78' lang='lat' dir='ltr'><strong>tt&#39;re</strong></span> <span class='ocrx_word' id='word_1_176' title='bbox 316 2849 410 2932; x_wconf 89' lang='lat' dir='ltr'><strong>dicat,</strong></span> <span class='ocrx_word' id='word_1_177' title='bbox 433 2868 505 2913; x_wconf 92' lang='lat' dir='ltr'><strong>eum</strong></span> <span class='ocrx_word' id='word_1_178' title='bbox 528 2849 614 2914; x_wconf 91' lang='lat' dir='ltr'><strong>illam</strong></span> <span class='ocrx_word' id='word_1_179' title='bbox 646 2851 834 2915; x_wconf 90' lang='lat' dir='ltr'><strong>sententiam</strong></span> <span class='ocrx_word' id='word_1_180' title='bbox 862 2855 898 2914; x_wconf 93' lang='lat' dir='ltr'><strong>ut</strong></span> <span class='ocrx_word' id='word_1_181' title='bbox 920 2849 1060 2917; x_wconf 90' lang='lat' dir='ltr'><strong>Platonis</strong></span> <span class='ocrx_word' id='word_1_182' title='bbox 1082 2851 1247 2932; x_wconf 89' lang='lat' dir='ltr'><strong>agnovisse</strong></span> <span class='ocrx_word' id='word_1_183' title='bbox 1269 2855 1334 2917; x_wconf 90' lang='lat' dir='ltr'><strong>sta·</strong></span> <span class='ocrx_word' id='word_1_184' title='bbox 1409 2875 1410 2934; x_wconf 61' lang='lat' dir='ltr'><strong>p</strong></span> 
     </span>
     <span class='ocr_line' id='line_1_25' title="bbox 236 2957 1334 3042; baseline 0.003 -21"><span class='ocrx_word' id='word_1_185' title='bbox 236 2957 307 3023; x_wconf 92' lang='lat' dir='ltr'><strong>tuit.</strong></span> <span class='ocrx_word' id='word_1_186' title='bbox 366 2958 427 3024; x_wconf 84' lang='lat' dir='ltr'><strong>Sed</strong></span> <span class='ocrx_word' id='word_1_187' title='bbox 450 2959 594 3038; x_wconf 90' lang='lat' dir='ltr'><strong>ipsumne</strong></span> <span class='ocrx_word' id='word_1_188' title='bbox 617 2957 763 3025; x_wconf 86' lang='lat' dir='ltr'><strong>Panaetii</strong></span> <span class='ocrx_word' id='word_1_189' title='bbox 786 2958 901 3025; x_wconf 88' lang='lat' dir='ltr'><strong>librum</strong></span> <span class='ocrx_word' id='word_1_190' title='bbox 917 2957 979 3024; x_wconf 86' lang='lat' dir='ltr'><strong>Cic.</strong></span> <span class='ocrx_word' id='word_1_191' title='bbox 1001 2959 1185 3042; x_wconf 84' lang='lat' dir='ltr'><strong>inspexerit,</strong></span> <span class='ocrx_word' id='word_1_192' title='bbox 1208 2961 1334 3026; x_wconf 91' lang='lat' dir='ltr'><strong>dubita·</strong></span> 
     </span>
     <span class='ocr_line' id='line_1_26' title="bbox 236 3066 1291 3154; baseline 0.004 -22"><span class='ocrx_word' id='word_1_193' title='bbox 236 3066 349 3139; x_wconf 85' lang='lat' dir='ltr'><strong>bimus,</strong></span> <span class='ocrx_word' id='word_1_194' title='bbox 371 3068 467 3132; x_wconf 93' lang='lat' dir='ltr'><strong>immo</strong></span> <span class='ocrx_word' id='word_1_195' title='bbox 490 3074 526 3133; x_wconf 93' lang='lat' dir='ltr'><strong>nt</strong></span> <span class='ocrx_word' id='word_1_196' title='bbox 548 3087 698 3151; x_wconf 87' lang='lat' dir='ltr'><strong>negamus</strong></span> <span class='ocrx_word' id='word_1_197' title='bbox 721 3069 817 3134; x_wconf 91' lang='lat' dir='ltr'><strong>etiam</strong></span> <span class='ocrx_word' id='word_1_198' title='bbox 838 3069 885 3134; x_wconf 94' lang='lat' dir='ltr'><strong>illi</strong></span> <span class='ocrx_word' id='word_1_199' title='bbox 908 3073 1054 3154; x_wconf 90' lang='lat' dir='ltr'><strong>auctores</strong></span> <span class='ocrx_word' id='word_1_200' title='bbox 1075 3069 1166 3136; x_wconf 92' lang='lat' dir='ltr'><strong>nobis</strong></span> <span class='ocrx_word' id='word_1_201' title='bbox 1188 3076 1291 3136; x_wconf 91' lang='lat' dir='ltr'><strong>erunt.</strong></span> 
     </span>
    </p>

    <p class='ocr_par' dir='ltr' id='par_1_7' title="bbox 236 3177 1410 3368">
     <span class='ocr_line' id='line_1_27' title="bbox 335 3177 1410 3262; baseline 0.004 -20"><span class='ocrx_word' id='word_1_202' title='bbox 335 3179 449 3257; x_wconf 90' lang='lat' dir='ltr'><strong>Itaque</strong></span> <span class='ocrx_word' id='word_1_203' title='bbox 473 3177 574 3242; x_wconf 91' lang='lat' dir='ltr'><strong>denuo</strong></span> <span class='ocrx_word' id='word_1_204' title='bbox 597 3178 812 3256; x_wconf 88' lang='lat' dir='ltr'><strong>quaerendum</strong></span> <span class='ocrx_word' id='word_1_205' title='bbox 837 3184 894 3262; x_wconf 85' lang='lat' dir='ltr'><strong>cst,</strong></span> <span class='ocrx_word' id='word_1_206' title='bbox 928 3197 1095 3259; x_wconf 86' lang='lat' dir='ltr'><strong>quemnam</strong></span> <span class='ocrx_word' id='word_1_207' title='bbox 1119 3179 1181 3246; x_wconf 82' lang='lat' dir='ltr'><strong>(lic.</strong></span> <span class='ocrx_word' id='word_1_208' title='bbox 1212 3179 1244 3245; x_wconf 88' lang='lat' dir='ltr'><strong>in</strong></span> <span class='ocrx_word' id='word_1_209' title='bbox 1274 3179 1334 3246; x_wconf 93' lang='lat' dir='ltr'><strong>hoc</strong></span> <span class='ocrx_word' id='word_1_210' title='bbox 1409 3195 1410 3218; x_wconf 51' lang='lat' dir='ltr'><strong>l</strong></span> 
     </span>
     <span class='ocr_line' id='line_1_28' title="bbox 236 3286 716 3368; baseline 0.004 -17"><span class='ocrx_word' id='word_1_211' title='bbox 236 3286 313 3352; x_wconf 93' lang='lat' dir='ltr'><strong>libro</strong></span> <span class='ocrx_word' id='word_1_212' title='bbox 335 3290 495 3368; x_wconf 87' lang='lat' dir='ltr'><strong>auctorem</strong></span> <span class='ocrx_word' id='word_1_213' title='bbox 517 3291 643 3353; x_wconf 90' lang='lat' dir='ltr'><strong>secutus</strong></span> <span class='ocrx_word' id='word_1_214' title='bbox 666 3288 716 3353; x_wconf 90' lang='lat' dir='ltr'><strong>sit.</strong></span> 
     </span>
    </p>

    <p class='ocr_par' dir='ltr' id='par_1_8' title="bbox 236 3393 1410 3916">
     <span class='ocr_line' id='line_1_29' title="bbox 337 3393 1410 3472; baseline 0.002 -12"><span class='ocrx_word' id='word_1_215' title='bbox 337 3393 423 3472; x_wconf 83' lang='lat' dir='ltr'><strong>Quas</strong></span> <span class='ocrx_word' id='word_1_216' title='bbox 443 3395 549 3462; x_wconf 88' lang='lat' dir='ltr'><strong>divisit</strong></span> <span class='ocrx_word' id='word_1_217' title='bbox 563 3396 695 3462; x_wconf 90' lang='lat' dir='ltr'><strong>Heinius</strong></span> <span class='ocrx_word' id='word_1_218' title='bbox 716 3395 809 3462; x_wconf 91' lang='lat' dir='ltr'><strong>huius</strong></span> <span class='ocrx_word' id='word_1_219' title='bbox 831 3397 869 3462; x_wconf 92' lang='lat' dir='ltr'><strong>de</strong></span> <span class='ocrx_word' id='word_1_220' title='bbox 890 3397 1133 3463; x_wconf 88' lang='lat' dir='ltr'><strong>immortalitate</strong></span> <span class='ocrx_word' id='word_1_221' title='bbox 1152 3398 1333 3465; x_wconf 85' lang='lat' dir='ltr'><strong>¹animorum</strong></span> <span class='ocrx_word' id='word_1_222' title='bbox 1409 3413 1410 3416; x_wconf 72' lang='grc'>’</span> 
     </span>
     <span class='ocr_line' id='line_1_30' title="bbox 236 3504 1408 3590; baseline 0.003 -22"><span class='ocrx_word' id='word_1_223' title='bbox 236 3504 461 3587; x_wconf 88' lang='lat' dir='ltr'><strong>disputationis</strong></span> <span class='ocrx_word' id='word_1_224' title='bbox 479 3509 595 3586; x_wconf 89' lang='lat' dir='ltr'><strong>partes,</strong></span> <span class='ocrx_word' id='word_1_225' title='bbox 619 3524 727 3571; x_wconf 89' lang='lat' dir='ltr'><strong>earum</strong></span> <span class='ocrx_word' id='word_1_226' title='bbox 743 3507 847 3588; x_wconf 91' lang='lat' dir='ltr'><strong>priore</strong></span> <span class='ocrx_word' id='word_1_227' title='bbox 860 3507 1057 3590; x_wconf 90' lang='lat' dir='ltr'><strong>potissimum</strong></span> <span class='ocrx_word' id='word_1_228' title='bbox 1082 3506 1134 3572; x_wconf 94' lang='lat' dir='ltr'><strong>ubi</strong></span> <span class='ocrx_word' id='word_1_229' title='bbox 1148 3507 1245 3572; x_wconf 90' lang='lat' dir='ltr'><strong>animi</strong></span> <span class='ocrx_word' id='word_1_230' title='bbox 1259 3511 1334 3587; x_wconf 91' lang='lat' dir='ltr'><strong>post</strong></span> <span class='ocrx_word' id='word_1_231' title='bbox 1407 3525 1408 3534; x_wconf 57' lang='lat'>¹</span> 
     </span>
     <span class='ocr_line' id='line_1_31' title="bbox 236 3615 1331 3697; baseline 0.004 -21"><span class='ocrx_word' id='word_1_232' title='bbox 236 3618 369 3677; x_wconf 89' lang='lat' dir='ltr'><strong>mortem</strong></span> <span class='ocrx_word' id='word_1_233' title='bbox 390 3621 584 3692; x_wconf 89' lang='lat' dir='ltr'><strong>remaneant,</strong></span> <span class='ocrx_word' id='word_1_234' title='bbox 607 3615 710 3681; x_wconf 90' lang='lat' dir='ltr'><strong>altera</strong></span> <span class='ocrx_word' id='word_1_235' title='bbox 728 3634 784 3681; x_wconf 92' lang='lat' dir='ltr'><strong>cnr</strong></span> <span class='ocrx_word' id='word_1_236' title='bbox 798 3622 983 3682; x_wconf 88' lang='lat' dir='ltr'><strong>remaneant</strong></span> <span class='ocrx_word' id='word_1_237' title='bbox 1003 3617 1189 3697; x_wconf 88' lang='lat' dir='ltr'><strong>explicatur.</strong></span> <span class='ocrx_word' id='word_1_238' title='bbox 1225 3617 1331 3681; x_wconf 91' lang='lat' dir='ltr'><strong>Primo</strong></span> 
     </span>
     <span class='ocr_line' id='line_1_32' title="bbox 237 3723 1332 3807; baseline 0.005 -22"><span class='ocrx_word' id='word_1_239' title='bbox 237 3726 344 3786; x_wconf 89' lang='lat' dir='ltr'><strong>autem</strong></span> <span class='ocrx_word' id='word_1_240' title='bbox 371 3741 424 3788; x_wconf 87' lang='lat' dir='ltr'><strong>eos</strong></span> <span class='ocrx_word' id='word_1_241' title='bbox 448 3741 510 3787; x_wconf 94' lang='lat' dir='ltr'><strong>non</strong></span> <span class='ocrx_word' id='word_1_242' title='bbox 532 3723 661 3788; x_wconf 88' lang='lat' dir='ltr'><strong>interire</strong></span> <span class='ocrx_word' id='word_1_243' title='bbox 689 3725 878 3800; x_wconf 90' lang='lat' dir='ltr'><strong>credendum</strong></span> <span class='ocrx_word' id='word_1_244' title='bbox 902 3744 971 3791; x_wconf 89' lang='lat' dir='ltr'><strong>esse</strong></span> <span class='ocrx_word' id='word_1_245' title='bbox 992 3726 1181 3806; x_wconf 86' lang='lat' dir='ltr'><strong>disputatur,</strong></span> <span class='ocrx_word' id='word_1_246' title='bbox 1204 3726 1278 3807; x_wconf 90' lang='lat' dir='ltr'><strong>quia</strong></span> <span class='ocrx_word' id='word_1_247' title='bbox 1300 3730 1332 3790; x_wconf 92' lang='lat' dir='ltr'><strong>et</strong></span> 
     </span>
     <span class='ocr_line' id='line_1_33' title="bbox 236 3825 1331 3916; baseline 0.003 -21"><span class='ocrx_word' id='word_1_248' title='bbox 236 3825 410 3912; x_wconf 82' lang='lat' dir='ltr'><strong>antiquitas</strong></span> <span class='ocrx_word' id='word_1_249' title='bbox 431 3833 477 3898; x_wconf 88' lang='lat' dir='ltr'><strong>ita</strong></span> <span class='ocrx_word' id='word_1_250' title='bbox 499 3832 683 3898; x_wconf 89' lang='lat' dir='ltr'><strong>indicaverit</strong></span> <span class='ocrx_word' id='word_1_251' title='bbox 704 3839 737 3898; x_wconf 92' lang='lat' dir='ltr'><strong>et</strong></span> <span class='ocrx_word' id='word_1_252' title='bbox 758 3833 900 3900; x_wconf 89' lang='lat' dir='ltr'><strong>omnibus</strong></span> <span class='ocrx_word' id='word_1_253' title='bbox 920 3833 1000 3901; x_wconf 89' lang='lat' dir='ltr'><strong>haec</strong></span> <span class='ocrx_word' id='word_1_254' title='bbox 1021 3835 1124 3916; x_wconf 92' lang='lat' dir='ltr'><strong>opinio</strong></span> <span class='ocrx_word' id='word_1_255' title='bbox 1147 3835 1259 3900; x_wconf 85' lang='lat' dir='ltr'><strong>innata</strong></span> <span class='ocrx_word' id='word_1_256' title='bbox 1279 3835 1331 3900; x_wconf 91' lang='lat' dir='ltr'><strong>sit.</strong></span> 
     </span>
    </p>
   </div>
   <div class='ocr_carea' id='block_1_3' title="bbox 234 4081 1410 4250">
    <p class='ocr_par' dir='ltr' id='par_1_9' title="bbox 234 4081 1410 4250">
     <span class='ocr_line' id='line_1_34' title="bbox 336 4081 1410 4154; baseline 0.003 -19"><span class='ocrx_word' id='word_1_257' title='bbox 336 4082 358 4151; x_wconf 91' lang='lat'><strong>¹)</strong></span> <span class='ocrx_word' id='word_1_258' title='bbox 380 4081 420 4135; x_wconf 83' lang='lat' dir='ltr'><strong>of.</strong></span> <span class='ocrx_word' id='word_1_259' title='bbox 440 4081 474 4136; x_wconf 93' lang='lat' dir='ltr'><strong>de</strong></span> <span class='ocrx_word' id='word_1_260' title='bbox 493 4081 546 4136; x_wconf 90' lang='lat' dir='ltr'><strong>hac</strong></span> <span class='ocrx_word' id='word_1_261' title='bbox 563 4099 593 4136; x_wconf 91' lang='lat' dir='ltr'><strong>re</strong></span> <span class='ocrx_word' id='word_1_262' title='bbox 612 4081 767 4136; x_wconf 86' lang='lat' dir='ltr'><strong>Hirzelium</strong></span> <span class='ocrx_word' id='word_1_263' title='bbox 790 4081 819 4135; x_wconf 92' lang='lat' dir='ltr'><strong>in</strong></span> <span class='ocrx_word' id='word_1_264' title='bbox 846 4083 919 4136; x_wconf 89' lang='lat' dir='ltr'><strong>libro</strong></span> <span class='ocrx_word' id='word_1_265' title='bbox 947 4081 1214 4154; x_wconf 82' lang='lat' dir='ltr'><strong>‘Untersuchungen</strong></span> <span class='ocrx_word' id='word_1_266' title='bbox 1233 4103 1267 4138; x_wconf 84' lang='lat' dir='ltr'><strong>zu</strong></span> <span class='ocrx_word' id='word_1_267' title='bbox 1286 4085 1329 4138; x_wconf 90' lang='lat' dir='ltr'><strong>Ci-</strong></span> <span class='ocrx_word' id='word_1_268' title='bbox 1409 4095 1410 4150; x_wconf 49' lang='lat' dir='ltr'><strong>t</strong></span> 
     </span>
     <span class='ocr_line' id='line_1_35' title="bbox 234 4175 1061 4250; baseline 0.004 -18"><span class='ocrx_word' id='word_1_269' title='bbox 234 4195 310 4232; x_wconf 90' lang='lat' dir='ltr'><strong>ceros</strong></span> <span class='ocrx_word' id='word_1_270' title='bbox 329 4178 486 4247; x_wconf 91' lang='lat' dir='ltr'><strong>philosoph.</strong></span> <span class='ocrx_word' id='word_1_271' title='bbox 505 4175 655 4232; x_wconf 84' lang='lat' dir='ltr'><strong>Schriftsn&#39;</strong></span> <span class='ocrx_word' id='word_1_272' title='bbox 677 4179 754 4248; x_wconf 90' lang='lat' dir='ltr'><strong>Lips.</strong></span> <span class='ocrx_word' id='word_1_273' title='bbox 776 4181 844 4234; x_wconf 87' lang='grc'><strong>1877</strong></span> <span class='ocrx_word' id='word_1_274' title='bbox 864 4199 891 4250; x_wconf 93' lang='lat' dir='ltr'><strong>p.</strong></span> <span class='ocrx_word' id='word_1_275' title='bbox 911 4181 1061 4235; x_wconf 79' lang='lat' dir='ltr'><strong>aaa-237.</strong></span> 
     </span>
    </p>
   </div>
   <div class='ocr_carea' id='block_1_4' title="bbox 0 0 1418 4868">
    <p class='ocr_par' dir='ltr' id='par_1_10' title="bbox 0 0 1418 4868">
     <span class='ocr_line' id='line_1_36' title="bbox 0 0 1418 4868; baseline 0 3"><span class='ocrx_word' id='word_1_276' title='bbox 0 0 1418 4868; x_wconf 95' lang='lat' dir='ltr'><strong> </strong></span> 
     </span>
    </p>
   </div>
  </div>
 </body>
</html>
