2828 4868
745 311 787 378 34

215 495 330 578 νυκτὸς
343 499 384 589 τῇ
399 497 502 588 ἡμέρᾳ
518 486 618 582 οάσης
633 494 742 562 ἐνταῦ·
791 487 1019 583 ἀποχωρήσεις
1037 491 1185 577 γίνεσθαι
1208 541 1236 558 ..
1260 481 1317 556 τίν’-

196 615 265 676 ’θα
289 608 343 674 καί
359 603 412 675 διὰ
435 610 533 674 τοῦτο
555 601 741 690 σίμμετρον
790 603 887 689 λογον
913 588 970 668 οὖν
996 601 1049 666 καί
1072 597 1130 680 τὰς
1154 595 1222 667 ὑπὸ
1256 596 1318 666 τδν

215 714 349 805 έχοάσης
387 713 473 800 πρὸς
506 707 668 800 άνάψοξιν
699 709 738 780 τά
791 707 979 800 ίσημερινδν
998 710 1146 794 κειμένας
1171 703 1319 799 οἰκήσεις

215 823 394 912 διάστημα,·
790 815 1024 907 είκρατοτέρας
1051 814 1208 903 ὑπάρχειν
1240 815 1319 886 έπι-

785 932 887 1017 τολῆς
907 929 967 1015 μέν
987 927 1154 1015 γινομένης
1173 926 1230 993 έπί
1252 928 1317 994 τοῦ

786 1035 1320 1128 κατάκορυφηνσημείσυ,ταχέως
1402 1087 1403 1094 t

787 1148 823 1216 δὲ
849 1141 1103 1234 ἀποχωροῦντος
1123 1149 1183 1214 τοῦ
1211 1143 1318 1237 ἡλίου.

790 1311 797 1328 .
810 1309 817 1327 .
831 1258 1001 1337 ,πλείονας
1009 1257 1045 1325 δέ
1054 1251 1192 1343 χρόνους
1202 1256 1320 1342 ἐπιμέ-

788 1394 836 1436 νει
868 1373 942 1447 τσῖς
974 1366 1054 1451 περί
1084 1362 1163 1445 τούς
1197 1389 1320 1452 τροπι-

789 1473 871 1556 κοδς
894 1474 1022 1544 οἰκοῦσι
1040 1476 1105 1544 κτλ.
1167 1463 1169 1466 ’

359 1592 473 1660 Oleum.
497 1609 528 1672 p.
540 1590 590 1654 41.
693 1601 696 1611 ·
906 1586 1192 1667 Strabonum,

259 1703 319 1768 τοῦ
349 1693 445 1784 άέρσς
473 1692 592 1765 τούτου
625 1694 659 1761 έν
691 1697 738 1781 τῷ
832 1694 1033 1780 προςτίθησι
1059 1694 1087 1759 δ’
1116 1678 1213 1772 οὗτος
1232 1698 1318 1773 (Πσ-
1404 1703 1405 1708 ’

216 1805 401 1897 μεσαιτάτῳ
423 1809 476 1873 καὶ
490 1801 669 1892 βαθυτάτῳ
683 1807 741 1893 τῆς
789 1801 914 1888 λάβιος)
938 1804 992 1869 καί
1012 1797 1098 1869 διότι
1120 1797 1318 1890 ὑψηλοτάτη

216 1921 310 1998 σκιᾶς
331 1908 426 1997 dmg
440 1916 493 1982 καί
511 1907 629 1999 έμβροι
651 1909 739 2003 your}-
790 1911 877 1979 ἐστίν
892 1907 923 2002 (ἡ
934 1912 1231 1998 ίποπίπτσοσατῷ
1245 1908 1319 1999 ίση·

202 2051 328 2094 Υσονται
349 2025 403 2091 καί
418 2015 532 2109 άνεμοι
553 2017 740 2111 γενήσονται
789 2024 931 2109 μερινηλ).
958 2017 1077 2105 διόπερ
1106 2022 1159 2086 καί
1195 2046 1318 2106 κατομ-

216 2136 270 2202 καί
292 2130 468 2219 πνεύματα.
675 2115 676 2120 ¹
790 2134 920 2214 βρεῖται
946 2137 1011 2198 τῶν
1039 2129 1180 2216 βορείων
1206 2135 1319 2218 νεφῶν

790 2237 871 2304 κατά
890 2237 969 2318 τούς
996 2237 1125 2325 ἐτησίας
1151 2239 1219 2306 ἐκεῖ
1244 2245 1319 2319 τοῖς
1406 2309 1407 2320 ,

790 2342 991 2438 α’ναστὴμασι
1034 2343 1319 2433 πρσςπιπτόντων

790 2456 964 2524 πλείστων.

321 2567 405 2633 Vera
426 2571 534 2634 antem
550 2568 619 2633 Pos.
640 2569 798 2634 sententia
820 2587 861 2634 ex
881 2568 985 2634 Strab.
1000 2569 1034 2634 11
1048 2587 1078 2654 p.
1093 2569 1143 2650 94,
1155 2570 1196 2634 95
1217 2585 1319 2652 eppa·
1407 2601 1408 2604 ¹

217 2681 274 2743 ret.
300 2673 410 2742 Noluit
433 2677 515 2742 eninr
535 2678 671 2743 eundern
694 2695 765 2743 esse
788 2679 942 2743 torridum
964 2677 1124 2759 cingulum
1147 2683 1244 2758 atque
1262 2680 1319 2758 qui

216 2784 594 2867 tropicisoomineretur:
619 2783 869 2869 διακεκαυμένην
883 2779 941 2869 γάρ
964 2784 1120 2869 λέγεσθαι
1140 2780 1179 2850 τό
1205 2775 1318 2871 άοίκη-

216 2916 274 2958 τον
296 2887 404 2958 διὰτὸ
426 2894 542 2975 καῦμα.
563 2895 622 2980 τῆς
643 2891 679 2959 δέ
700 2888 820 2977 μεταξύ
842 2896 911 2958 τῶν
929 2897 1096 2980 τροπικῶν
1117 2889 1254 2983 πλέονῆ
1274 2890 1316 2960 τά

217 2996 317 3086 ἥμισυ
340 3004 399 3067 τοῦ
421 2995 567 3079 πλάτους
591 2996 761 3091 οίκησιμόν
785 3001 880 3070 ἐστιν.
925 3004 969 3068 Et
994 3005 1061 3087 ipsc
1080 3024 1150 3071 cum
1173 3011 1318 3072 veterem

218 3112 461 3197 discriptionem,
481 3130 563 3193 quae
585 3112 710 3193 quidem
727 3116 886 3195 spectaret
908 3114 949 3178 ud
972 3114 1130 3194 caelestia,
1153 3115 1317 3197 probaret,

218 3221 302 3301 quod
324 3221 364 3287 ed
386 3239 437 3286 res
466 3220 623 3287 humanus
656 3223 817 3301 attineret,
854 3221 933 3288 duas
965 3223 1024 3288 sub
1046 3225 1175 3306 tropicis
1195 3222 1320 3288 addidit

220 3330 263 3412 (p.
287 3331 327 3394 95
343 3330 426 3412 st).

318 3439 405 3505 Haec
426 3438 498 3505 huic
518 3440 587 3505 loco
610 3437 777 3506 sufficiant.
805 3439 1031 3522 Neglegentius
1047 3440 1128 3508 hunc
1142 3460 1209 3506 rem
1230 3433 1320 3508 trec-

219 3547 430 3614 tuvitBakius
446 3548 489 3629 (p.
504 3549 579 3628 100)
602 3547 780 3616 discrimine
802 3549 887 3629 quod
907 3549 989 3616 inter
1002 3547 1191 3616 Strabonem
1213 3555 1263 3616 est
1283 3557 1321 3616 et

222 3656 418 3723 Cleomedem
441 3663 586 3724 auctores
608 3676 648 3722 ne
665 3658 823 3724 intellecto
846 3659 979 3738 quidem.

320 3768 523 3848 Argumentis
537 3767 661 3834 divinae
676 3768 772 3833 unimi
786 3771 921 3834 naturae
936 3767 1102 3848 explicetis
1113 3766 1176 3833 (iic.
1185 3768 1320 3834 revolvi-

218 3875 318 3940 turin
342 3894 410 3940 enm
430 3875 647 3959 quaestionem
663 3874 691 3958 (ᾗ
708 3876 762 3957 70)
785 3894 881 3957 quem
892 3875 986 3959 ism§
1002 3877 1041 3941 67
1054 3877 1215 3957 tetigerat,
1234 3893 1320 3956 quae

219 3984 314 4049 animi
336 3984 378 4050 sit
402 3986 502 4071 sedes,
523 3986 702 4066 iterumque
724 3983 864 4052 affirmat
885 4005 947 4051 non
970 4003 1036 4052 esse
1051 4004 1121 4052 earn
1136 3985 1231 4051 huius
1246 3986 1319 4052 loci.

219 4092 279 4159 Sed
312 4095 427 4161 iterum
459 4097 647 4177 magistrum
670 4095 868 4161 dissimulare
895 4097 1003 4163 studet
1024 4113 1145 4178 suoque
1168 4093 1320 4160 libertate

217 4201 389 4269 disserendi
411 4203 521 4283 utitur,
552 4208 588 4268 ut
618 4204 711 4270 modu
741 4204 825 4271 huno
856 4206 949 4271 modo
984 4205 1072 4270 illum
1091 4209 1254 4284 sequatur,
1277 4221 1319 4270 no
