2828 4868
612 261 652 324 27

58 453 178 529 lsaepe
198 445 229 509 in
244 444 282 509 N.
298 443 356 526 (ll.
378 445 492 528 Itaque
507 444 768 512 verisimillimum
791 450 840 511 eat
862 443 971 510 multis
990 443 1067 508 locis
1084 443 1180 509 etiam

75 556 197 636 quibus
220 561 330 622 auctor
351 573 412 621 non
429 554 608 619 nominatus
623 555 664 620 sit
676 554 834 620 Posidonii
850 556 1024 621 sententias
1041 553 1179 620 subesse.

75 664 245 730 Interdum
258 669 365 728 autem
388 664 441 729 ubi
462 683 483 754 a
504 657 741 730 ceterisStoicis
763 664 944 745 discrepans
960 663 1000 728 ad
1013 663 1179 730 Platonem

76 773 210 856 propius
242 771 362 847 accedit
391 771 463 837 San.
495 773 561 854 ipse
583 771 784 838 Posidonium
817 778 978 838 auctorem
1011 770 1180 853 profitetur

77 889 116 948 ut
139 882 173 945 in
195 899 242 962 ep.
265 865 315 960 92,
344 882 376 945 in
409 899 471 962 qua
505 899 626 946 summo
658 882 740 948 bono
774 899 810 945 en
842 882 998 947 sententia
1020 880 1179 948 Posidonii

79 992 226 1073 exposito
250 991 284 1070 (ξ
300 991 334 1054 3:
355 983 416 1054 ‘ad
437 988 515 1056 haec
538 992 693 1071 quomodo
708 991 912 1072 pervenitur?
933 992 960 1058 si
981 993 1098 1056 cordas
1112 995 1181 1056 tota

77 1106 247 1185 perspecta
261 1104 324 1176 est;
347 1099 372 1164 si
385 1107 529 1165 seruatus
544 1106 594 1166 est
614 1101 644 1164 in
664 1100 758 1165 robus
773 1101 902 1181 agendis
918 1100 994 1166 ordo
1008 1151 1014 1166 .
1028 1103 1039 1166 .'
1051 1101 1180 1166 innoxia

78 1211 228 1304 voluntas
250 1229 286 1276 ac
308 1209 451 1290 benigna,
466 1209 597 1286 »intenta
619 1209 734 1274 rationi
756 1227 813 1275 nec
836 1228 976 1293 unquam
999 1208 1038 1276 ab
1059 1209 1113 1273 illa
1131 1227 1181 1275 re·

80 1311 215 1386 cedens'.
245 1320 283 1385 cl.
297 1318 391 1396 Clam.
405 1317 628 1397 Alemstrom.
645 1338 675 1401 p.
689 1319 750 1384 589
764 1319 811 1384 ed.
828 1320 912 1384 Pott.
929 1314 1033 1406 [τέλος
1043 1312 1179 1404 ἡγεῖται]

80 1421 348 1505 ὁΠοσειόώνιος
380 1421 417 1492 τὸ
451 1427 507 1514 ζῆν
528 1430 726 1510 θεωροῦντα
746 1425 817 1516 τὴν
846 1430 923 1492 τῶν
953 1422 1058 1492 ὅλων
1089 1417 1180 1514 ἀλή-

80 1543 204 1604 θειαν
244 1536 298 1601 καὶ
329 1531 420 1618 τάξιν
451 1535 506 1601 καὶ
537 1533 876 1620 σομκατασκεοάζοντα
903 1531 1003 1601 αὑτὸν
1031 1530 1114 1600 κατὰ
1140 1530 1179 1600 τὸ

79 1642 220 1714 δυνατὸν
240 1640 322 1711 κατὰ
341 1644 442 1730 μηδέν
470 1638 631 1729 α’γόμενον
657 1640 724 1711 ὑπὸ
755 1649 813 1711 τοῦ
841 1637 961 1730 ἀλόγου
982 1644 1103 1729 μέρους
1122 1647 1181 1734 τῆς

80 1757 201 1846 ψυχῆς)
222 1774 293 1822 cum
318 1757 355 1821 iis
376 1755 521 1838 litigatur
534 1757 588 1838 qui
610 1758 811 1822 honestatem
833 1774 904 1822 cnm
926 1756 1088 1838 voluptate
1110 1773 1181 1821 con·

79 1870 220 1934 iunctam
252 1882 410 1930 summum
440 1867 558 1932 bonnm
587 1865 736 1932 iudicent.
783 1865 867 1942 Quos
888 1865 943 1930 illa
964 1865 1060 1930 animi
1081 1866 1179 1946 parti·

80 1977 176 2055 donc,
199 1993 295 2056 quam
317 1975 389 2042 Pos.
413 1995 432 2040 a
457 1974 590 2040 Platone
621 1959 811 2056 susceperat,
840 1973 981 2039 adhibita
995 1973 1178 2056 reprendit,

80 2086 165 2166 quod
187 2084 322 2150 duarum
339 2085 434 2149 animi
447 2085 585 2166 partium
601 2084 842 2149 inrationalium
856 2083 990 2149 alteram
1004 2084 1179 2148 animosam

79 2196 271 2278 relinquant,
293 2195 427 2260 alteram
447 2193 595 2259 humilem
618 2199 651 2259 et
670 2194 887 2275 voluptatibus
912 2192 1050 2259 deditam
1066 2192 1179 2259 beatae

81 2304 167 2370 vitae
189 2302 399 2369 neeessariam
422 2308 544 2384 putent.
567 2302 636 2380 Qua
649 2303 771 2369 ratione
789 2303 860 2369 illos
882 2319 1038 2368 sommum
1062 2301 1178 2366 bonum

80 2413 204 2498 Scyllae
226 2413 327 2490 similo
349 2412 490 2478 reddere.
533 2411 623 2490 Quod
647 2412 677 2475 in
700 2413 802 2477 simile
823 2412 893 2493 qnia
915 2430 988 2477 eum
1010 2411 1179 2491 induxerit,

79 2523 189 2590 statim
210 2522 321 2588 adicit:
351 2515 471 2605 ‘prima
503 2539 577 2603 pars
614 2521 752 2586 hominis
786 2526 834 2588 est
863 2521 932 2602 ipsa
964 2521 1078 2585 virtus:
1107 2520 1180 2586 hnic

80 2631 288 2698 committitur
305 2631 424 2696 inutilis
445 2648 518 2695 caro
548 2637 580 2695 et
608 2629 706 2696 fluida
734 2630 933 2711 receptandis
955 2633 1081 2695 tantum
1102 2630 1179 2696 cibis

80 2741 204 2819 habilis,
227 2744 264 2806 ut
284 2741 330 2806 ait
351 2729 558 2804 Posddooius'
581 2737 614 2822 (ἕ
627 2739 689 2819 10).
713 2776 753 2785 -
776 2739 813 2803 ln
840 2737 949 2802 eadem
976 2739 1112 2819 epistola
1138 2738 1180 2802 le·

80 2853 200 2931 guntur
229 2866 312 2931 quae
343 2848 405 2913 huo
437 2847 597 2929 pertinent
627 2847 665 2915 cl.
699 2851 786 2924 §302
818 2843 1003 2931 ‘(sapientis
1040 2847 1178 2929 animus)

81 2959 157 3024 deos
176 2962 311 3039 aequat3
333 2957 388 3022 illo
413 2958 515 3022 tendit
529 2959 665 3042 oripim's
675 2977 751 3022 suae
765 2973 900 3037 memor;
923 2974 1014 3022 nemo
1036 2955 1179 3037 improbe

81 3085 119 3134 eo
140 3071 273 3132 conatur
295 3066 494 3142 adscendere,
518 3066 600 3132 unde
620 3066 821 3132 descenderat
828 3053 845 3130 ³.

181 3174 242 3241 Sed
264 3177 351 3258 prius
372 3193 499 3242 necesse
520 3180 571 3242 est
591 3176 804 3257 antiquiorum
822 3173 997 3240 Stoicorum
1019 3172 1178 3239 sententia

82 3289 214 3350 eruatur
235 3290 268 3349 et
289 3283 479 3363 conseratur,
494 3287 602 3348 utrum
615 3284 794 3350 consentiat
816 3302 887 3349 cnm
904 3282 965 3349 illis
981 3283 1056 3348 locis
1070 3301 1178 3349 neone.

83 3393 203 3472 Quibus
232 3392 429 3476 potissimum
462 3393 549 3458 nisus
569 3392 693 3476 Lipsius
715 3394 746 3458 in
768 3391 907 3474 Physiol.
929 3391 989 3472 ΙΠ,
1014 3394 1033 3457 8
1056 3390 1177 3458 Stoicos

82 3520 191 3568 omnes
206 3501 344 3566 animum
360 3501 418 3566 sub
433 3507 560 3583 partum
581 3519 599 3567 e
620 3502 705 3568 caelo
721 3499 877 3567 'advenire
889 3500 1026 3566 voluisse
1047 3501 1176 3566 censuit.

83 3610 173 3688 Quod
196 3619 304 3690 aperte
326 3629 346 3676 a
366 3629 440 3677 vero
463 3611 622 3676 abhorret.
655 3611 736 3676 Nam
759 3628 799 3676 ex
821 3609 940 3677 semine
962 3627 1014 3673 eos
1036 3609 1176 3676 animum

83 3719 170 3783 nasci
189 3718 323 3786 voluisse
356 3719 435 3785 satis
467 3719 558 3785 multi
592 3718 650 3786 loci
683 3723 850 3786 testantur.
892 3718 1006 3786 Samen
1041 3738 1109 3785 esse
1137 3714 1177 3784 τὸ

82 3817 194 3892 οἷόντε
215 3827 326 3911 γεννᾶν
346 3830 481 3893 τοιαῦτα
512 3819 570 3913 αφ’
596 3828 668 3893 οἵου
690 3827 744 3892 καὶ
765 3817 845 3893 αὐτὸ
867 3817 1035 3912 ἀπεκρίθη
1058 3828 1177 3909 (Laert.

81 3937 152 4015 VII,
168 3938 257 4019 158);
280 3939 387 4027 ψυχῆς
399 3935 561 4021 μέροςκαὶ
571 3928 778 4021 ἀπόσπασμα
802 3937 891 4017 (Eus.
913 3955 961 4018 pr.
977 3955 1024 4001 ev.
1035 3936 1104 4017 XV,
1119 3939 1175 4018 203

82 4044 119 4112 of.
131 4045 214 4112 Plut.
229 4046 272 4127 pl.
289 4047 325 4130 V,
332 4050 381 4129 4);
402 4041 568 4130 σύμμιγμα
582 4046 636 4111 καὶ
651 4044 795 4129 κέρασμα
808 4053 875 4112 τῶν
889 4047 946 4135 τῆς
961 4047 1069 4134 ψυχῆς
1083 4040 1177 4111 δονά-

80 4177 170 4238 μεων
192 4145 448 4239 ἀπεσπασμένον
464 4156 561 4240 (Plut.
577 4156 755 4224 reconna
769 4156 836 4242 15);
856 4156 1091 4242 συγκιρνᾶσθαι
1105 4158 1178 4235 τοῖς
