2828 4868
738 254 790 326 l24

221 437 304 520 quod
328 423 532 518 interpretes*
553 437 680 518 quidem
709 456 771 503 nou
793 437 978 520 tetigerunt,
1005 436 1090 519 quod
1112 434 1188 502 mihi
1215 438 1330 500 tamen

222 565 324 628 neque
345 552 412 612 tam
444 546 579 630 simplex
612 563 714 626 neque
740 551 807 611 tam
830 546 952 612 clarum
981 547 1115 624 videtur,
1150 550 1186 611 ut
1209 561 1272 626 per
1296 559 1330 608 se

221 655 428 738 intellegatur
458 656 654 738 expedivero.
699 653 780 732 Quid
813 655 895 719 enim
930 655 1086 736 siguificat
1119 653 1226 719 verbis
1264 652 1329 717 his:

218 758 433 848 ‘philosophia
465 763 539 844 quid
571 769 621 830 est
652 761 736 827 aliud
770 763 829 828 uisi
864 769 899 828 ut
919 762 1012 828 Plato
1044 763 1171 840 donum,
1204 768 1246 828 ut
1270 779 1331 843 ego

222 876 380 940 inventum
402 863 570 939 deoruml’
606 872 666 950 Qui
688 875 764 938 sunt
785 873 815 937 di
838 873 892 952 qui
914 873 1068 938 invenisse
1088 870 1332 955 philosophiam
1384 945 1385 954 ἵ

222 984 388 1049 dicantur?
421 983 515 1048 Ratio
542 981 715 1063 repetenda
739 982 865 1048 videtur
888 1001 907 1045 a
929 982 1056 1048 Persaei
1086 981 1251 1048 sententia
1275 980 1332 1060 qui
1384 983 1385 1074 ,

223 1109 275 1157 eos
297 1093 403 1157 docuit
429 1092 504 1156 deos
534 1091 660 1157 habitos
689 1109 767 1170 esse,
794 1109 814 1155 a
844 1090 956 1172 quibus
984 1093 1099 1173 magua
1126 1089 1256 1156 utilitas
1289 1087 1332 1153 ad

223 1199 306 1265 vitae
335 1200 455 1266 cultum
484 1204 570 1265 esset
597 1201 726 1265 iuventa
759 1198 810 1277 (de
833 1198 863 1262 d.
887 1218 917 1264 u.
940 1199 963 1278 l,
987 1201 1028 1265 38
1050 1197 1089 1265 cf.
1108 1199 1149 1277 Il,
1173 1193 1332 1279 60-62).
1384 1219 1385 1246 ;

225 1309 291 1376 Hos
322 1313 429 1375 autem
451 1307 648 1385 Posidonius,
681 1314 729 1374 ut'
748 1307 891 1386 vidimus,
926 1307 1076 1373 iudicavit
1108 1304 1332 1388 philosophos.

223 1417 336 1498 ltaque
358 1435 413 1482 nec
435 1419 595 1482 Atlantem
616 1434 673 1483 nec
691 1417 925 1496 Prometheum,
948 1417 1007 1481 uisi
1023 1416 1127 1481 divina
1145 1415 1332 1498 cognitione

225 1529 337 1595 ceteris
354 1524 599 1608 praestitissent,
623 1524 764 1590 homines
788 1525 863 1589 deos
883 1523 1057 1589 credituros
1078 1523 1175 1588 fuisse
1187 1521 1332 1602 putabat

225 1636 331 1720 (Tusc.
356 1637 399 1716 V,
418 1636 460 1714 8).
491 1634 538 1698 Ab
561 1633 612 1698 his
631 1633 727 1715 igitur
747 1632 795 1697 dis
816 1631 1048 1715 philosophiam
1074 1631 1185 1713 primis
1210 1629 1330 1696 cousti-

114 1742 121 1758 '
224 1750 338 1822 tutam,
362 1745 524 1823 traditam,
546 1743 707 1807 iuventam
730 1761 799 1808 esse
822 1743 931 1808 voluit.

323 1853 391 1919 Hoc
414 1853 506 1918 modo
529 1853 580 1916 via
602 1852 723 1917 munita
745 1851 879 1917 alteram
901 1850 1127 1932 aggrediamur
1140 1849 1331 1932 argumenti

223 1968 358 2047 partem,
393 1963 422 2026 in
445 1979 509 2042 qua
531 1965 597 2026 tam
623 1960 716 2043 louge
738 1979 757 2024 a
780 1962 936 2025 communi
959 1959 1135 2026 Stoicorum
1165 1960 1330 2025 sententia

223 2071 364 2151 discedit,
388 2076 424 2135 ut
446 2070 612 2137 Posidonio
645 2071 770 2136 dimisso
793 2087 850 2134 suo
874 2071 977 2136 Marte
997 2069 1213 2153 philosophari
1230 2111 1232 2113 -
1248 2085 1330 2136 saue

224 2179 324 2243 videri
357 2178 464 2260 possit.
519 2177 637 2242 Tamen
670 2177 701 2240 in
735 2176 784 2242 his
816 2195 942 2259 quoque
974 2195 1046 2242 eum
1074 2177 1229 2244 aStoicis
1261 2196 1328 2243 non

224 2305 354 2370 prorsus
378 2288 517 2369 potuisse
539 2286 645 2352 oculos
666 2293 812 2353 avertere
834 2287 896 2352 iam
918 2286 1130 2352 intelleximus
1154 2285 1207 2372 (cf.
1224 2290 1244 2369 ξ
1261 2290 1328 2368 60).

225 2396 322 2463 Cuius
349 2395 395 2461 rei
422 2397 515 2478 plura
545 2395 657 2463 indicia
681 2402 763 2462 sunt.
808 2397 898 2474 Vide
915 2397 1007 2476 euim,
1042 2397 1198 2478 quomodo
1229 2416 1327 2481 argu·

225 2511 366 2570 mentum
395 2505 623 2570 introducatur.
668 2506 710 2571 Et
736 2505 831 2570 liceat
858 2524 939 2588 quae
968 2524 987 2569 a
1015 2504 1163 2579 Cicerone
1190 2506 1328 2574 molesta

97 2699 100 2703 ¹
224 2614 426 2680 anacoluthia
447 2614 638 2681 conturbata
661 2619 693 2682 et
713 2614 881 2681 obscurata
903 2621 985 2692 suut,
1015 2616 1139 2698 digesta
1162 2618 1194 2681 et
1216 2617 1326 2698 expla-

226 2728 300 2789 nata
314 2723 446 2790 referre:
468 2724 630 2789 homiuum
642 2725 783 2789 animum
803 2723 830 2790 si
842 2727 878 2788 ut
893 2742 1033 2805 corpora,
1056 2724 1142 2790 uude
1158 2730 1325 2792 concretus

225 2840 257 2898 et
278 2834 433 2915 quomodo
455 2832 559 2899 factus
575 2840 668 2922 esset,
693 2835 868 2900 videremus
891 2839 947 2899 aut
968 2833 995 2900 si
1016 2835 1119 2917 qualis
1139 2834 1325 2917 plantarum

227 2944 394 3009 ueletiam
417 2942 589 3009 bestiarum
613 2946 705 3023 esset,
737 2943 835 3008 etiam
864 2943 993 3007 interire
1019 2943 1209 3008 credendum
1231 2950 1327 3010 esset.

227 3052 381 3130 Quoniam
406 3058 513 3118 autern
536 3053 659 3118 animus
682 3071 743 3117 non
768 3053 916 3132 nascitur,
939 3070 1001 3118 non
1024 3051 1174 3118 interibit.
1209 3053 1326 3133 ltaque

226 3162 265 3228 de
277 3160 394 3229 Phaed.
409 3182 439 3245 p.
456 3159 532 3227 780
548 3161 726 3228 Ciceronem
739 3163 902 3244 cogitasse,
919 3161 1002 3245 quod
1013 3163 1145 3227 Heinius
1156 3167 1258 3244 putat,
1271 3181 1325 3228 ne·

226 3271 363 3354 gaudum
386 3277 445 3338 est.
489 3271 549 3350 Sed
581 3272 754 3336 rectissime
778 3271 826 3337 hic
847 3271 1071 3338 animadvertit
1098 3272 1208 3337 eodem
1231 3272 1325 3336 modo

225 3380 288 3448 Cic.
317 3386 414 3465 atque
444 3380 564 3448 Stoicos
595 3398 700 3445 rerum
731 3381 850 3463 gradus
883 3380 1067 3448 describere.
1113 3378 1159 3445 of.
1181 3380 1220 3446 de
1241 3379 1270 3445 d.
1293 3400 1324 3445 u.

226 3488 270 3566 II,
293 3490 348 3553 33:
368 3481 666 3553 ‘animadvertimus
683 3480 707 3552 va
727 3493 844 3554 natura
859 3488 1007 3553 sustineri
1029 3505 1066 3552 ea
1088 3506 1170 3569 quae
1192 3488 1326 3571 gignun-

226 3603 280 3662 tur
303 3617 343 3663 ex
365 3603 452 3663 terra
472 3649 479 3664 .
503 3647 510 3663 .
535 3650 542 3665 .
565 3599 674 3665 bestiis
694 3603 802 3663 autem
827 3602 859 3661 et
880 3615 1006 3674 sensum
1035 3603 1068 3662 et
1089 3602 1209 3662 motum
1236 3598 1325 3664 dedit

226 3712 259 3771 et
282 3724 352 3772 cunr
366 3707 503 3788 quodam
527 3709 672 3788 appetitu
694 3727 848 3774 occasum
868 3707 908 3772 ad
932 3724 982 3772 res
1007 3708 1172 3783 salutares,
1197 3709 1324 3789 aposti-

228 3814 303 3880 feris
321 3835 488 3896 rccmsum3
509 3815 569 3881 hoc
591 3816 708 3881 homini
732 3815 876 3899 amplius,
899 3815 982 3898 quod
1005 3815 1125 3881 addidit
1145 3806 1323 3882 rotiomm'.

327 3924 446 3991 Deinde
468 3925 530 3991 cio.
554 3924 572 4007 5
596 3926 719 3990 57-59
751 3925 882 3991 Menoue
905 3925 1046 3991 Platonis
1078 3932 1323 3992 commemorato

229 4034 407 4100 Socraticae
427 4035 678 4102 ratiocinationis
702 4041 846 4118 quaeest
868 4036 898 4100 in
916 4034 1032 4102 Phaed.
1049 4053 1114 4118 ap.
1132 4035 1322 4100 rau-m

228 4163 384 4210 summam
407 4145 510 4211 faeere
532 4146 648 4232 studet,
682 4146 868 4227 quibuscum
901 4145 985 4212 haud
1007 4147 1112 4229 inopte
1134 4145 1215 4210 Tim.
1238 4165 1268 4227 p.
1283 4146 1323 4211 44
