2828 4868
606 331 645 396 31

69 508 154 576 haee
176 516 265 577 sunt:
297 503 518 602 Ἐμπεδοκλῆς
549 509 633 580 θεὸν
664 509 780 580 ἑαυτὸν
810 510 1077 603 προςηγόρευσεν,
1102 515 1177 582 ἐπεὶ

68 612 178 699 μόνος
199 613 349 704 καθαρὸν
373 615 442 688 α’πὸ
465 621 579 701 κακίας
600 616 744 713 τηρήσας
765 619 823 690 τὸν
845 628 921 692 νοῦν
939 627 992 691 καὶ
1014 617 1177 694 dromeda·

69 726 182 794 λιστον
203 733 255 817 τῷ
278 729 319 795 ἐν
339 726 463 818 ἑαυτῷ
486 735 572 819 θεῷ
593 727 663 798 τὸν
684 729 797 812 ἐκτὸς
818 733 1020 822 κατείληφεν.

176 840 265 905 Haec
299 845 337 904 ut
366 841 578 924 intellegatur,
608 843 683 924 quid
709 842 896 910 Posidonius
928 845 967 911 de
999 845 1175 911 animorum

69 948 240 1014 divinitate
271 949 468 1031 iudicaverit,
499 947 666 1018 sufficiant.
711 952 818 1035 Atque
839 959 875 1021 ut
896 955 997 1019 omnis
1019 954 1176 1020 dubitatio

70 1057 219 1137 tollatur,
242 1059 316 1141 quin
332 1060 471 1125 animum
495 1061 591 1125 etiam
607 1066 681 1125 ante
695 1062 813 1127 vixisse
835 1080 929 1142 quam
952 1062 1047 1127 bomo
1068 1080 1174 1127 nasce·

34 1217 37 1224 .
70 1172 165 1232 retur
178 1167 322 1251 voluerit,
343 1167 375 1233 in
399 1169 423 1247 I,
439 1170 498 1234 115
521 1170 560 1235 de
582 1170 641 1235 div.
664 1171 828 1251 leguntur:
848 1165 1016 1256 ‘(onimus)
1032 1171 1086 1255 qui
1101 1172 1175 1252 quia

70 1277 154 1341 visit
178 1276 218 1350 ab
240 1278 326 1343 omni
346 1279 529 1344 aeternitate
561 1284 770 1360 versatusque
797 1286 847 1344 est
870 1298 939 1345 cum
962 1280 1174 1345 innumerabi-

73 1385 158 1452 libus
181 1387 302 1471 animis‚
320 1389 426 1454 omnia
441 1390 567 1470 quaein
581 1393 817 1455 naturarerum
839 1395 915 1456 sunt
936 1379 1036 1454 videt'
1051 1388 1090 1455 cf.
1104 1391 1173 1454 131.

72 1494 144 1572 Quo
166 1496 243 1578 loco,
266 1497 386 1578 opinor,
407 1516 509 1579 neque
531 1499 653 1566 animos
675 1501 764 1564 nasci
791 1503 824 1564 at
845 1504 920 1564 aute
942 1498 974 1562 iu
996 1499 1173 1582 cognitione

70 1604 210 1688 viguisse
231 1605 329 1691 (557)
352 1608 430 1674 satis
452 1613 563 1689 aperte
587 1609 749 1675 statuitur.

174 1716 288 1797 Itaque
309 1718 337 1783 si
358 1718 462 1783 omnia
484 1736 565 1799 quae
588 1716 692 1782 adhuc
707 1717 864 1798 disputavi
885 1717 1085 1799 reputaveris
1106 1719 1172 1783 aui·

70 1842 188 1905 moque
210 1826 419 1906 recollegeris,
443 1826 561 1907 aliquid
577 1847 627 1893 me
642 1827 759 1892 habere
780 1845 872 1910 spero
894 1832 926 1892 te
950 1843 1173 1908 concessurum

71 1952 154 2013 esse,
189 1952 244 1998 cur
273 1934 476 2002 Posidonium
511 1934 691 2002 Ciceronem
726 1937 785 2003 hoc
820 1937 887 2003 loco
924 1941 1070 2002 secutum
1104 1954 1172 2001 esse

70 2049 193 2125 putem.
578 2057 580 2060 ·

173 2152 282 2234 Neque
314 2153 435 2237 dubito,
465 2155 544 2237 quin
578 2155 619 2220 ab
640 2155 749 2220 eodem
773 2154 943 2235 sumpserit
964 2173 1012 2234 ea,
1036 2172 1117 2235 quae
1139 2154 1169 2218 iu

70 2267 87 2337 θ
110 2263 152 2326 80
172 2265 282 2327 contra
304 2264 440 2329 alterum
456 2264 536 2329 illud
549 2263 693 2329 Panaetii
714 2264 927 2330 similitudinis
946 2269 1169 2346 argumentum

71 2367 286 2451 proferuntur.
330 2371 470 2449 Quorum
503 2391 627 2439 summa
659 2372 736 2439 haec
759 2378 820 2439 est:
842 2373 1003 2438 homiuum
1026 2372 1171 2438 similitu·

71 2479 176 2544 dinem
200 2481 301 2562 magis
323 2482 353 2545 in
376 2499 541 2562 corporum
564 2479 666 2564 figura
696 2487 824 2548 exstare
846 2487 877 2548 et
900 2481 1035 2562 quaein
1057 2482 1170 2547 animis

70 2589 291 2670 conspiciatur,
313 2607 383 2654 eam
404 2590 507 2655 facere
540 2608 587 2674 ea,
619 2609 702 2674 quae
724 2593 757 2656 in
779 2592 961 2672 corporibus
983 2591 1169 2673 gignantur,

71 2699 181 2780 itaque
201 2699 305 2778 magni
341 2696 468 2783 referre,
501 2701 588 2783 quali
619 2701 649 2765 in
677 2718 808 2782 corpora
840 2700 945 2764 animi·
969 2700 1064 2766 locati
1098 2701 1169 2767 sint.

71 2809 244 2873 Auctorem
266 2807 357 2874 affert
380 2809 581 2876 Aristotelem
604 2811 635 2875 in
656 2809 754 2875 XXX.
776 2809 886 2892 probl,
918 2808 950 2874 in
965 2828 1041 2892 quo
1063 2810 1116 2875 ille
1139 2809 1169 2874 id

72 2917 210 3000 exponit,
233 2915 272 2982 de
294 2936 356 2999 quo
366 2917 505 2985 Galenus
528 2919 717 3002 peculiarem
740 2918 896 3002 quendam
919 2917 1058 2983 libellum
1073 2920 1169 2999 scrip-

72 3027 114 3092 sit
133 3019 202 3089 (ὅτι
221 3019 262 3088 τὰ
282 3035 339 3114 τῆς
360 3028 467 3116 ψυχῆς
491 3016 559 3116 ἤθη
580 3032 652 3105 ταῖς
666 3029 725 3092 τοῦ
746 3021 899 3111 σώματος
918 3023 1072 3111 κράσεσιν
1092 3021 1170 3090 ἕπε-

71 3124 144 3198 ται’
166 3136 226 3200 vol.
240 3135 295 3219 IV,
310 3154 340 3218 p.
353 3135 413 3201 767
427 3153 495 3217 sqq.
517 3134 643 3202 Kuehn.
677 3138 747 3202 Iam
770 3144 865 3202 antea
886 3131 958 3201 eum
975 3134 1044 3201 Gal.
1065 3136 1104 3200 de
1125 3136 1169 3216 pl.

71 3243 111 3310 H.
134 3249 166 3310 et
187 3245 221 3311 P.
242 3246 343 3311 locum
378 3246 554 3321 attulimus,
588 3264 650 3329 quo
683 3246 766 3312 hanc
798 3247 899 3327 ipsam
919 3244 1080 3311 Posidonii
1101 3263 1170 3311 sen·

71 3353 204 3418 tentiam
237 3359 462 3421 commemorat
497 3348 558 3438 (aig
590 3357 656 3419 τῶν
694 3355 891 3440 παθητικῶν
922 3347 1081 3442 κινήσεων
1110 3353 1169 3439 τῆς

72 3469 181 3547 ψυχῆς
202 3458 373 3546 ἑπομένων
393 3453 446 3527 ἀεὶ
468 3465 507 3553 τῇ
529 3462 680 3529 διαθέσει
701 3463 760 3528 τοῦ
783 3458 936 3547 σώματος
957 3483 987 3546 p.
999 3463 1084 3543 442).
1107 3460 1169 3527 Ubi

72 3578 158 3639 recte
180 3573 252 3638 Gal.
273 3575 369 3639 etiam
401 3577 534 3639 annotat
563 3574 764 3640 Posidonium
791 3575 821 3638 in
844 3573 979 3655 eoquod
1003 3571 1168 3654 sanguinis

73 3682 255 3748 animalium
278 3680 472 3749 differentias
498 3701 560 3748 nou
589 3684 772 3765 neglegeret
797 3683 998 3749 Aristotelem
1024 3685 1166 3746 secutum

73 3807 149 3874 esse,
172 3790 226 3869 qui
250 3791 289 3855 de
310 3796 393 3873 part.
420 3809 468 3856 an.
503 3791 534 3855 ΙΙ
556 3809 586 3874 p.
608 3792 699 3866 oola,
727 3793 765 3856 12
788 3791 847 3855 ait:
880 3789 1014 3854 πολλῶν
1036 3787 1064 3854 d'
1080 3786 1168 3854 ἐστὶν

73 3894 159 3963 αἰσία
178 3892 271 3986 ἦνοῦ
294 3897 433 3981 αἵματος
450 3894 550 3984 φύσις
570 3898 625 3964 καὶ
646 3894 728 3963 κατὰ
742 3892 781 3963 τὸ
797 3885 883 3986 ἦθος
901 3902 974 3977 τοῖς
996 3892 1091 3984 ζῴοις
1112 3896 1166 3961 καὶ

72 4002 152 4072 κατὰ
171 4001 232 4090 τήν
261 4001 419 4093 αἴσθησιν
440 4006 493 4093 (cf.
515 4026 546 4090 p.
561 4010 623 4074 316
634 4027 712 4092 sqq,
730 4009 814 4087 547).
858 4008 959 4086 Quem
986 4007 1112 4073 omnino
1133 4008 1167 4071 iu

73 4117 121 4183 his
141 4117 488 4201 physiognomicisPos.
511 4123 640 4185 secutus
663 4136 732 4185 esse
754 4118 886 4184 videtur.
914 4119 1037 4183 Rursus
1058 4120 1166 4181 autem

72 4232 199 4312 propter
217 4225 296 4292 haec
318 4225 387 4292 Gal.
421 4227 452 4291 in
482 4226 538 4292 illo
560 4225 665 4293 libello
686 4247 716 4309 p.
729 4228 791 4292 814
801 4245 868 4310 sqq.
903 4234 936 4293 et
964 4225 1165 4291 Posidonium
