2828 4868
600 345 640 408 29

62 528 159 594 bilem
193 576 222 592 ..
246 545 368 592 omnem
404 528 539 611 denique
565 578 593 594 ..
613 527 758 609 corporis
783 526 919 610 figuram
941 527 1052 593 videor
1072 545 1164 609 posse

62 637 178 716 dicere,
214 637 296 702 unde
326 639 472 702 concreta
504 640 537 701 et
570 655 632 719 quo
666 637 757 702 modo
791 635 878 702 facta
911 636 989 702 sint:
1022 637 1163 701 animum

62 748 169 829 ipsum
193 735 245 790 -'
267 746 411 811 omnibus
431 747 480 811 his
509 745 583 810 locis
607 745 638 810 id
661 744 1000 811 dilucide'enuntiatur
1023 745 1162 809 animum

63 859 95 922 et
118 873 233 935 corpus
255 855 300 919 ita
323 855 448 920 diversa
471 871 550 928 esse,
583 858 621 918 ut
645 873 707 919 non
734 873 797 919 una
824 858 1004 933 nascantur,
1028 855 1083 920 sed
1103 851 1163 918 hoc

62 971 182 1030 natura
204 963 301 1046 gigni,
324 962 412 1029 illum
436 964 558 1028 altioris
580 969 669 1028 ortos
691 981 768 1030 esse.

165 1071 308 1137 Primum
331 1071 446 1153 locum,
460 1074 486 1138 si
508 1071 686 1138 accuratius
708 1072 861 1154 inspicies,
887 1068 978 1137 facile
999 1070 1164 1154 intelleges

64 1181 262 1247 Platonicam
283 1183 471 1248 sententiam
493 1201 570 1263 prae
601 1199 635 1247 se
659 1180 742 1248 ferre
763 1181 800 1246 cl.
824 1180 904 1246 Tim.
926 1201 956 1263 p.
970 1182 1010 1245 41
1025 1180 1061 1246 O:
1084 1181 1161 1244 καθ’

64 1285 145 1355 ὅσον
166 1289 226 1374 μὲν
245 1281 353 1355 αὐτῶν
372 1281 554 1369 ἀθανάτοις
575 1284 751 1373 ὁμώνυμον
772 1281 852 1354 εἶναι
870 1284 1026 1376 προςήκει
1046 1294 1165 1354 θεῖον

63 1395 240 1483 λεγόμενον
272 1395 449 1489 ἡγεμονοῦν
469 1424 505 1465 τε
528 1399 562 1464 ἑν
582 1393 700 1477 αὐτοῖς
721 1450 752 1466 ..
776 1398 914 1484 σπείρας
942 1399 996 1464 καὶ
1019 1394 1165 1483 ὑπαρξᾶ·

62 1532 163 1590 μενος
200 1505 272 1593 ἐγώ
309 1503 553 1592 παραδώσω·
587 1507 626 1574 τὸ
646 1507 698 1574 ,δὲ
729 1505 848 1574 λοιπὸν
882 1503 975 1592 ’ὑμεῖς
1005 1500 1163 1594 ἀθανάτῳ

63 1613 217 1705 θνητὸν
236 1617 515 1706 προςοφαίνοντες
536 1610 774 1702 ἀπεργάζεσθε.

167 1728 258 1795 Alter
281 1734 387 1794 autern
420 1731 508 1795 locus
541 1733 667 1796 tantum
699 1729 848 1796 abhorret
870 1749 889 1794 a
912 1728 1032 1806 Stoicis,
1063 1732 1100 1793 ut
1122 1728 1162 1806 id,

64 1856 127 1920 quo
142 1839 361 1906 contineamur
377 1845 410 1906 et
429 1841 580 1913 vivamus,
605 1839 645 1904 ab
669 1841 774 1904 animo
797 1843 971 1920 separetur.
993 1837 1076 1903 Nam
1089 1838 1164 1919 quid
1253 1887 1255 1892 ,

65 1947 151 2012 aliud
175 1953 224 2014 est
243 1967 337 2028 quarn
361 1948 457 2013 animi
480 1948 591 2028 igneus
613 1947 752 2028 spiritus,
776 1947 829 2027 qui
852 1952 953 2012 toturn
978 1966 1090 2030 corpus
1111 1967 1164 2029 pc·

65 2063 197 2123 netrans
221 2075 276 2122 nos
298 2061 465 2124 conservet
487 2062 518 2120 et
546 2056 720 2120 sustineat?
744 2055 789 2122 Cf.
812 2058 951 2122 ciusdem
968 2056 1039 2122 libri
1069 2059 1085 2138 ᾗ
1107 2059 1164 2120 3οε

62 2165 130 2230 ‘hic
152 2171 259 2230 noster
280 2167 374 2246 calor,
398 2184 460 2247 quo
482 2166 561 2232 haec
577 2183 659 2246 quae
681 2169 757 2230 nota
781 2166 869 2232 nobis
891 2172 966 2232 sunt
988 2166 1165 2232 retinentur

65 2280 98 2340 et
121 2265 253 2356 vigent'.
285 2275 341 2341 Cui
363 2294 514 2358 corporeo
538 2277 600 2358 igni
613 2259 780 2342 Cleanthes
803 2276 878 2342 solis
900 2276 1005 2358 ignem
1028 2276 1164 2342 similem

66 2388 99 2449 et
121 2389 290 2465 propterea
305 2386 402 2451 solem
426 2386 618 2452 animantem
642 2405 711 2451 esse
734 2385 856 2452 censuit
867 2386 898 2466 (ξ
910 2385 975 2460 41).
999 2384 1060 2450 Sed
1074 2384 1164 2448 illam

65 2493 223 2559 rationem
246 2513 265 2557 a
286 2493 494 2576 Xenophonte
521 2500 623 2560 ortam
650 2496 715 2560 iam
738 2493 1106 2576 Zenonemadhibuisse‚
1129 2498 1166 2557 ut

66 2604 220 2668 mundum
231 2604 417 2668 rationalem
429 2621 498 2668 esse
509 2604 749 2686 demonstraret,
762 2603 849 2668 Sext.
860 2605 929 2669 adv,
938 2601 1096 2686 matthl,
1104 2603 1163 2666 101

65 2712 206 2778 tradidit.
248 2710 344 2777 Cuius
375 2718 481 2778 tamen
516 2717 706 2796 argumenta
728 2729 747 2776 a
770 2713 917 2778 Cicerone
937 2712 1029 2778 valde
1050 2711 1165 2778 discre-

65 2825 154 2902 pant.
188 2821 297 2901 Neque
312 2822 393 2886 enim
409 2823 484 2902 quia
505 2823 629 2888 animus
652 2823 682 2886 iu
705 2823 798 2888 terris
819 2823 906 2887 nasci
929 2840 993 2886 non
1016 2822 1165 2904 potuerit,

65 2950 136 2996 esse
158 2931 319 3013 quandam
332 2929 470 2996 divinam
494 2932 648 2996 rationem
671 2931 881 3016 concluditur;
903 2931 958 2997 sed
982 2931 1056 3012 quia
1075 2950 1165 2996 mun·

66 3040 127 3105 dus
147 3039 295 3105 animalia
327 3039 495 3105 rationalia
528 3042 700 3123 contineat·
727 3041 821 3106 etiam
850 3041 954 3122 ipsum
977 3041 1165 3106 rationalem

66 3167 152 3214 esse:
176 3142 194 3212 ὁ
217 3148 253 3213 de'
274 3171 309 3232 γε
331 3142 454 3232 κόσμος
476 3147 620 3232 περιέχει
642 3145 885 3233 σπερματικοὺς
902 3149 1029 3233 (Bell.)
1051 3143 1167 3232 λόγους

66 3257 205 3340 λογικῶν
227 3249 334 3342 ζῴοιν·
357 3251 486 3340 λογικὸς
507 3247 569 3340 ὅρα
592 3251 609 3320 ὁ
633 3250 767 3340 κόσμος.
1245 3249 1250 3256 ’

117 3451 119 3454 ¹
166 3367 280 3446 Itaque
303 3368 426 3434 etiamsi
450 3369 625 3433 animorum
644 3368 776 3434 eandem
799 3374 946 3435 naturam
970 3374 1065 3449 atque
1087 3365 1164 3430 divi·

66 3493 181 3540 norum
203 3482 363 3540 astrorum
392 3494 508 3556 cosque
534 3479 642 3557 partes
671 3476 722 3540 dei
744 3493 811 3541 esse
834 3476 953 3543 vellent
975 3469 1090 3558 (μόρια
1112 3473 1165 3538 καὶ

66 3575 322 3666 ἅπασπάσματα
344 3584 582 3668 cf.Lacrt.VII,
596 3586 679 3670 143),
702 3591 808 3650 tamen
831 3603 884 3651 eos
901 3604 962 3650 non
985 3585 1030 3650 ita
1045 3584 1165 3650 divinos

66 3693 258 3769 habuerunt,
302 3698 494 3777 tanquama
529 3693 650 3777 reliqua
686 3699 802 3758 natura
834 3692 950 3758 diversi
970 3697 1003 3758 et
1028 3694 1166 3774 exempti

67 3807 184 3869 essent.
238 3802 353 3867 Veram
387 3821 495 3868 eorum
529 3803 719 3867 sententiam
756 3803 920 3884 Epictetus
948 3803 1102 3882 expressit
1134 3803 1166 3867 in

68 3913 142 3978 diss.
165 3912 234 3990 1‚9:
258 3904 314 3974 ἀπ’
341 3910 464 3976 ἐκείνου
486 3909 521 3976 δὲ
544 3911 662 3994 (θεοῦ)
692 3907 731 3974 τὰ
752 3911 925 3994 σπέρματα
949 3908 1166 3974 καταπέπιω·

66 4043 125 4084 κεν
147 4011 206 4084 οὐκ
228 4013 276 4097 εἷς
296 4015 354 4083 τὸν
374 4019 501 4101 πατέρα
524 4014 582 4085 τὸν
604 4014 683 4102 ἐμὸν
711 4014 813 4101 μόνον
834 4010 901 4084 οὐδ’
924 4012 972 4096 εἷς
992 4013 1051 4083 τὸν
1076 4011 1168 4082 πάπ-

66 4153 144 4208 πον,
178 4120 245 4193 dtu
279 4125 326 4207 εἰς
347 4123 508 4194 ἅπαντα
535 4129 594 4211 μὲν
624 4126 666 4193 τὰ
698 4127 755 4194 ἐπὶ
775 4131 832 4214 γῆς
851 4121 1034 4212 γεννώμενά
1055 4149 1090 4192 τε
1112 4126 1167 4192 καὶ

66 4233 227 4327 φυόμενα,
250 4237 503 4323 προνγοομένως
524 4237 551 4303 δ’
576 4233 623 4314 εἷς
644 4232 684 4300 τὰ
706 4231 826 4322 λογικά.
