2828 4868
626 327 663 393 11

21 495 23 546 ³
89 511 561 597 ·Hipo.etP1at.p.366sq.)
592 515 653 580 ita:
687 508 817 589 οικειως
846 508 882 578 οε
907 491 960 576 att
984 505 1068 598 ὁρμὴ
1091 509 1191 575 οια-

95 618 233 705 νάζοασα
261 623 386 708 λέγεται
419 613 503 689 εἶναι
534 618 572 689 τὸ
607 615 1021 702 πάθος..ὖπερβαίνουσα
1046 614 1105 704 γὰρ
1133 613 1192 682 τὸν

21 745 23 766 ³
94 726 190 817 λόγον
212 727 231 822 ἡ
254 727 338 818 ὁρμὴ
361 733 415 798 καὶ
444 728 537 816 παραὶ
565 736 684 799 τοῖτον
713 725 851 815 α’θρόως
872 731 1036 820 φερομένη
1062 727 1191 808 οἰκείως

21 903 22 912 ,
93 865 128 906 τε
150 835 190 906 ἐν
211 837 402 925 πλεονάζειν
424 842 543 928 ῥηθείη
576 841 631 907 καὶ
661 838 743 906 κατὰ
774 845 875 908 τοῦτο
896 836 986 924 παρὰ
1007 837 1107 928 φύσιν
1128 839 1190 925 γίγ-

21 1025 22 1028 ,
93 955 210 1016 νεοθαι
232 949 287 1016 καὶ
308 942 390 1016 εἶναι
412 940 530 1035 ἔίλογος
545 951 578 1035 ¹).
625 951 685 1018 Sed
709 971 780 1017 oum
803 952 942 1018 diversas
958 951 1070 1017 inentis
1091 949 1189 1016 iacul-

21 1074 22 1088 ²
93 1067 176 1127 tates
209 1078 278 1126 esse
310 1068 442 1142 negaret
464 1062 506 1141 (p.
522 1062 601 1126 353:
632 1057 715 1145 μηδὲ
745 1054 804 1145 γὰρ
837 1050 921 1123 εἶναι’.
942 1081 1014 1122 τινα
1038 1053 1190 1144 τοιαύτην

20 1155 21 1174 ³
95 1161 259 1252 [δύναμιν]
294 1167 537 1257 ἐπιθομητικήν
568 1192 604 1234 τε
634 1167 688 1234 καί
719 1167 883 1257 θυμοειδῆ
905 1218 934 1235 ..
957 1163 995 1232 τὸ
1019 1162 1109 1232 ὅλον
1129 1163 1189 1251 γὰρ

17 1307 19 1374 3
93 1268 175 1343 εἶναι
192 1272 230 1343 τὸ
242 1278 310 1342 τῶν
323 1269 516 1360 ἀνθρώπων
532 1273 726 1364 ἡγεμονικὸν
747 1271 908 1362 λογικόν
929 1277 966 1343 cf.
979 1297 1009 1360 p.
1021 1278 1092 1358 274,
1105 1278 1190 1359 305),

17 1401 19 1418 ¹
93 1406 221 1454 oausam
244 1387 343 1472 ipsam
366 1406 448 1469 quae
481 1386 629 1466 efficeret,
661 1394 698 1454 ut
730 1388 891 1470 appetitus
910 1387 1065 1453 rationem
1085 1391 1191 1454 trans·

17 1507 19 1576 l
93 1496 287 1578 grederetur,
317 1497 531 1563 irrationalem
564 1516 635 1564 esse
668 1496 780 1562 noluit.
823 1495 889 1561 Nec
914 1497 1062 1561 vitiorum
1083 1514 1190 1562 semen

17 1635 18 1690 η
92 1606 125 1670 in
151 1605 218 1687 ipso
253 1606 411 1672 hominem
444 1607 545 1672 inesse
575 1606 626 1690 (ci.
651 1606 723 1672 Gal.
757 1605 837 1688 περὶ
855 1629 883 1672 τ.
905 1629 932 1670 τ.
956 1607 1067 1689 ψυχῆς
1096 1596 1190 1690 ἠθῶν

16 1703 18 1778 J
93 1715 439 1797 impanatione:
466 1713 577 1799 οὐγὰρ
601 1709 646 1793 ῶς
668 1709 699 1780 oi
709 1713 851 1779 Στωϊκοί
872 1738 973 1801 φασιν
995 1710 1141 1796 ἔξωθεν.
1159 1765 1190 1780 ..

16 1829 18 1902 ff
91 1818 173 1887 ἀλλὰ
195 1816 234 1887 τὸ
256 1822 358 1888 πλέον
379 1820 432 1911 [sc.
454 1826 512 1911 τῆς
536 1820 659 1911 κακίας]
682 1822 718 1905 ἐξ
738 1819 863 1888 ἑαυτῶν
885 1819 1016 1906 ἔχουσιν
1037 1816 1068 1888 oi
1090 1845 1190 1908 πονη-

16 1921 17 1928 '
93 1932 147 2016 ροί
168 1933 244 1998 illud
267 1931 454 2014 Stoicorum,
470 1933 675 2012 hooGaleni),
698 1935 753 1999 sed
775 1952 883 1999 omnes
897 1939 1013 1999 natura
1035 1933 1189 2001 rationem

92 2042 181 2126 sequi
204 2041 329 2126 (Chrys.
351 2061 402 2124 ap.
427 2041 497 2108 Gal.
521 2062 551 2125 p.
566 2045 627 2108 338
651 2036 690 2106 τὸ
712 2036 843 2126 λογικὸν
864 2041 948 2128 ζῶον
971 2032 1191 2124 ἀκολουθητι-

91 2147 150 2217 κὸν
172 2145 270 2238 φύσει
292 2149 362 2216 ἐστὶ
381 2158 430 2237 τῷ
460 2145 561 2237 λόγῳ)
593 2157 626 2218 et
647 2153 815 2235 pulchrum
838 2152 1019 2232 bonumque
1039 2156 1191 2232 appetere

92 2260 177 2341 (Gal.
200 2281 228 2343 p.
243 2262 320 2327 439:
353 2255 371 2326 ὁ
393 2260 429 2326 δέ
450 2265 527 2343 Χρ.
546 2311 576 2326 ..
603 2255 749 2348 φάμενος
770 2253 857 2344 ἡμᾶς
888 2251 1079 2346 ᾠκειῶσθαι
1105 2252 1192 2340 πρὸς

92 2362 196 2451 μόνον
216 2367 255 2434 τὸ
275 2362 383 2448 καλόν,
408 2362 492 2449 ὅπερ
516 2358 599 2433 εἶναι
625 2362 777 2454 δηλονότι
798 2367 852 2433 καὶ
872 2359 1029 2452 ἅμαθόν);
1051 2368 1191 2450 perverti

91 2484 200 2545 autern
224 2483 257 2544 et
277 2481 415 2544 visorum
432 2480 638 2562 persuasione
660 2482 693 2543 et
707 2478 1087 2561 pravorum'institutione
1105 2476 1190 2558 (Gal.

92 2610 124 2672 p.
137 2589 214 2655 441:
240 2582 294 2653 διά
315 2611 351 2653 τε
373 2583 431 2675 τὴν
452 2581 662 2672 πιθανότητα
681 2589 748 2651 τῶν
769 2589 959 2675 φαντασιῶν
979 2587 1034 2651 καὶ
1054 2582 1112 2675 τὴν
1133 2609 1191 2650 κα-

90 2692 227 2782 τήχησιν
253 2695 291 2763 of.
315 2716 345 2779 p.
366 2698 469 2776 440,6
490 2721 526 2762 π.
549 2719 577 2761 τ.
600 2720 627 2762 τ.
649 2707 687 2780 ψ.
710 2687 742 2784 η’.
767 2716 797 2779 p.
814 2697 875 2762 816
898 2695 952 2777 K.)
966 2696 1002 2778 2).
1044 2696 1127 2761 Nam
1154 2702 1192 2761 ut

90 2807 214 2874 animos
233 2809 277 2874 sio
299 2824 431 2888 corpora
454 2806 592 2886 quadam
611 2807 810 2873 contentione
822 2807 973 2872 contineri
991 2805 1034 2886 (p.
1046 2806 1119 2870 378:
1136 2804 1190 2869 καὶ

91 2911 109 2981 ὁ
134 2915 168 2981 ἐν
189 2916 229 3005 τῇ
254 2918 343 3004 ψυχῇ
365 2915 489 2999 λέγεται
511 2910 605 2993 τόνοι
636 2907 765 2981 εὗτονία
786 2914 840 2980 καί
867 2905 980 2980 ῶτονία
998 2912 1036 2991 ef,
1059 2933 1088 2995 p.
1103 2915 1189 2992 414),

90 3045 175 3107 quae
205 3045 285 3091 oiumv
313 3026 526 3106 insipientium
559 3027 590 3091 in
624 3027 738 3091 animis
770 3044 833 3091 non
865 3025 944 3091 satis
980 3022 1072 3089 firma
1108 3028 1192 3089 esset

90 3140 136 3218 (p.
153 3137 228 3201 380:
252 3129 304 3200 tal
316 3128 451 3198 πάντων
465 3141 532 3198 τιῦν
547 3128 681 3221 φαύλων
703 3128 795 3200 οὕτω
817 3128 1032 3216 πραττόντων
1043 3125 1192 3197 οίποστα-

88 3244 192 3320 τικῶς
214 3242 267 3307 καὶ
290 3241 488 3326 ἐνὸοτικῶς),
508 3242 575 3310 fieri
598 3249 636 3308 ut
650 3251 785 3311 naturae
807 3246 1017 3311 constantiam
1039 3261 1101 3307 non
1125 3260 1190 3308 ser·

88 3356 204 3418 rantes
222 3352 443 3435 rationemque
469 3359 649 3419 avertentes
676 3353 968 3438 perturbationibus
990 3357 1191 3418 moverentur

88 3461 132 3543 (p.
146 3461 223 3526 378:
248 3458 344 3543 ὁμὲν
365 3461 481 3526 δεινῶν
496 3463 523 3544 ³)
555 3461 787 3546 ἐπιγινομένων
808 3453 996 3548 α’φίσταται,
1020 3459 1038 3525 ὁ
1061 3458 1097 3526 δὲ
1118 3459 1191 3545 κέρ-

88 3569 170 3646 (long
192 3561 213 3653 ἢ
235 3567 348 3654 ζημίας
369 3567 552 3656 φερομένης
574 3565 713 3657 ἐξελύθη
735 3570 788 3635 καί
811 3569 991 3653 ἐνέδωκεν).
1020 3571 1079 3636 His
1095 3571 1192 3652 igitur

89 3679 167 3744 visis
191 3678 236 3743 illi
259 3685 434 3761 moventur,
457 3686 494 3746 ut
516 3682 582 3748 sive
602 3681 686 3747 bona
707 3680 802 3762 mala,
824 3680 888 3747 sive
910 3680 996 3745 mala
1009 3680 1093 3746 bona
1113 3679 1191 3744 iudi·

194 3943 215 4011 ¹)
232 3943 381 4012 intellegas
400 3946 429 3997 et
441 3943 487 3997 hio
505 3946 534 3996 et
551 3942 680 4012 deinoeps
699 3944 816 4014 paginas
832 3943 963 3998 editionis
982 3943 1189 3997 Muellerianae.

193 4038 215 4104 ²)
236 4037 277 4091 cf.
298 4037 384 4092 etiam
401 4037 496 4092 Laert.
516 4037 598 4108 Diog.
618 4037 678 4103 VII,
699 4040 742 4092 89.

192 4133 214 4202 ³)
233 4133 278 4189 Sio
306 4139 377 4204 puto
405 4134 581 4190 scribendum
605 4153 674 4206 ωιτη
707 4136 774 4190 libri
797 4135 911 4210 δείμων,
938 4134 1047 4200 Kuehn,
1072 4134 1190 4190 Mueller

88 4230 205 4301 δειμῶν.
